|j|☆randomdancin
|j|☆hexum
|t:|1749768418
|gametype|singles
|player|p1|randomdancin|picnicker|1598
|player|p2|hexum|worker|1645
|teamsize|p1|6
|teamsize|p2|6
|gen|7
|tier|[Gen 7] OU
|rated|
|rule|Sleep Clause Mod: Limit one foe put to sleep
|rule|Species Clause: Limit one of each Pokémon
|rule|OHKO Clause: OHKO moves are banned
|rule|Moody Clause: Moody is banned
|rule|Evasion Items Clause: Evasion items are banned
|rule|Evasion Moves Clause: Evasion moves are banned
|rule|Endless Battle Clause: Forcing endless battles is banned
|rule|HP Percentage Mod: HP is shown in percentages
|clearpoke
|poke|p1|Chansey, F|item
|poke|p1|Zapdos|item
|poke|p1|Lopunny, F|item
|poke|p1|Cresselia, F|item
|poke|p1|Magearna|item
|poke|p1|Gliscor, M|item
|poke|p2|Charizard, F|item
|poke|p2|Heatran, M|item
|poke|p2|Tapu Fini|item
|poke|p2|Magearna|item
|poke|p2|Landorus-Therian, M|item
|poke|p2|Kartana|item
|teampreview
|inactive|Battle timer is ON: inactive players will automatically lose when time's up. (requested by hexum)
|inactive|hexum has 120 seconds left.
|
|t:|1749768453
|start
|switch|p1a: Lopunny|Lopunny, F|100/100
|switch|p2a: Tapu Fini|Tapu Fini|100/100
|-fieldstart|move: Misty Terrain|[from] ability: Misty Surge|[of] p2a: Tapu Fini
|turn|1
|
|t:|1749768459
|detailschange|p1a: Lopunny|Lopunny-Mega, F
|-mega|p1a: Lopunny|Lopunny|Lopunnite
|move|p1a: Lopunny|Fake Out|p2a: Tapu Fini
|-damage|p2a: Tapu Fini|84/100
|cant|p2a: Tapu Fini|flinch
|
|-heal|p2a: Tapu Fini|90/100|[from] item: Leftovers
|upkeep
|turn|2
|
|t:|1749768468
|switch|p1a: Gliscor|Gliscor, M|100/100
|move|p2a: Tapu Fini|Nature's Madness|p1a: Gliscor
|-damage|p1a: Gliscor|50/100
|
|-heal|p2a: Tapu Fini|96/100|[from] item: Leftovers
|-status|p1a: Gliscor|tox|[from] item: Toxic Orb
|upkeep
|turn|3
|
|t:|1749768481
|switch|p2a: Charizard|Charizard, F|100/100
|move|p1a: Gliscor|Roost|p1a: Gliscor
|-heal|p1a: Gliscor|100/100 tox
|-singleturn|p1a: Gliscor|move: Roost
|
|upkeep
|turn|4
|
|t:|1749768490
|switch|p1a: Chansey|Chansey, F|100/100
|detailschange|p2a: Charizard|Charizard-Mega-Y, F
|-mega|p2a: Charizard|Charizard|Charizardite Y
|-weather|SunnyDay|[from] ability: Drought|[of] p2a: Charizard
|move|p2a: Charizard|Fire Blast|p1a: Chansey|[miss]
|-miss|p2a: Charizard|p1a: Chansey
|
|-weather|SunnyDay|[upkeep]
|upkeep
|turn|5
|
|t:|1749768494
|switch|p2a: Heatran|Heatran, M|100/100
|move|p1a: Chansey|Stealth Rock|p2a: Heatran
|-sidestart|p2: hexum|move: Stealth Rock
|
|-weather|SunnyDay|[upkeep]
|-fieldend|Misty Terrain
|upkeep
|turn|6
|
|t:|1749768505
|move|p2a: Heatran|Magma Storm|p1a: Chansey
|-damage|p1a: Chansey|78/100
|-activate|p1a: Chansey|move: Magma Storm|[of] p2a: Heatran
|move|p1a: Chansey|Seismic Toss|p2a: Heatran
|-damage|p2a: Heatran|75/100
|
|-weather|SunnyDay|[upkeep]
|-heal|p2a: Heatran|81/100|[from] item: Leftovers
|-damage|p1a: Chansey|65/100|[from] move: Magma Storm|[partiallytrapped]
|upkeep
|turn|7
|
|t:|1749768510
|move|p2a: Heatran|Toxic|p1a: Chansey
|-status|p1a: Chansey|tox
|move|p1a: Chansey|Seismic Toss|p2a: Heatran
|-damage|p2a: Heatran|55/100
|
|-weather|SunnyDay|[upkeep]
|-heal|p2a: Heatran|61/100|[from] item: Leftovers
|-damage|p1a: Chansey|59/100 tox|[from] psn
|-damage|p1a: Chansey|47/100 tox|[from] move: Magma Storm|[partiallytrapped]
|upkeep
|turn|8
|
|t:|1749768513
|move|p2a: Heatran|Stealth Rock|p1a: Chansey
|-sidestart|p1: randomdancin|move: Stealth Rock
|move|p1a: Chansey|Soft-Boiled|p1a: Chansey
|-heal|p1a: Chansey|97/100 tox
|
|-weather|none
|-heal|p2a: Heatran|67/100|[from] item: Leftovers
|-damage|p1a: Chansey|85/100 tox|[from] psn
|-damage|p1a: Chansey|72/100 tox|[from] move: Magma Storm|[partiallytrapped]
|upkeep
|turn|9
|
|t:|1749768519
|move|p2a: Heatran|Earth Power|p1a: Chansey
|-damage|p1a: Chansey|64/100 tox
|move|p1a: Chansey|Soft-Boiled|p1a: Chansey
|-heal|p1a: Chansey|100/100 tox
|
|-heal|p2a: Heatran|73/100|[from] item: Leftovers
|-damage|p1a: Chansey|82/100 tox|[from] psn
|-damage|p1a: Chansey|70/100 tox|[from] move: Magma Storm|[partiallytrapped]
|upkeep
|turn|10
|
|t:|1749768524
|move|p2a: Heatran|Magma Storm|p1a: Chansey
|-damage|p1a: Chansey|56/100 tox
|move|p1a: Chansey|Soft-Boiled|p1a: Chansey
|-heal|p1a: Chansey|100/100 tox
|
|-heal|p2a: Heatran|80/100|[from] item: Leftovers
|-damage|p1a: Chansey|76/100 tox|[from] psn
|-damage|p1a: Chansey|64/100 tox|[from] move: Magma Storm|[partiallytrapped]
|upkeep
|turn|11
|
|t:|1749768527
|move|p2a: Heatran|Earth Power|p1a: Chansey
|-damage|p1a: Chansey|55/100 tox
|move|p1a: Chansey|Soft-Boiled|p1a: Chansey
|-heal|p1a: Chansey|100/100 tox
|
|-heal|p2a: Heatran|86/100|[from] item: Leftovers
|-damage|p1a: Chansey|70/100 tox|[from] psn
|-end|p1a: Chansey|Magma Storm|[partiallytrapped]
|upkeep
|turn|12
|
|t:|1749768530
|switch|p2a: Kartana|Kartana|100/100
|-damage|p2a: Kartana|94/100|[from] Stealth Rock
|-curestatus|p1a: Chansey|tox|[from] ability: Natural Cure
|switch|p1a: Gliscor|Gliscor, M|100/100 tox
|-damage|p1a: Gliscor|88/100 tox|[from] Stealth Rock
|
|-heal|p1a: Gliscor|100/100 tox|[from] ability: Poison Heal
|upkeep
|turn|13
|
|t:|1749768538
|switch|p1a: Cresselia|Cresselia, F|100/100
|-damage|p1a: Cresselia|88/100|[from] Stealth Rock
|move|p2a: Kartana|Leaf Blade|p1a: Cresselia
|-damage|p1a: Cresselia|45/100
|-damage|p2a: Kartana|78/100|[from] item: Rocky Helmet|[of] p1a: Cresselia
|
|upkeep
|turn|14
|
|t:|1749768548
|switch|p2a: Tapu Fini|Tapu Fini|96/100
|-damage|p2a: Tapu Fini|84/100|[from] Stealth Rock
|-fieldstart|move: Misty Terrain|[from] ability: Misty Surge|[of] p2a: Tapu Fini
|switch|p1a: Zapdos|Zapdos|100/100
|-damage|p1a: Zapdos|76/100|[from] Stealth Rock
|
|-heal|p1a: Zapdos|82/100|[from] item: Leftovers
|-heal|p2a: Tapu Fini|90/100|[from] item: Leftovers
|upkeep
|turn|15
|
|t:|1749768558
|move|p1a: Zapdos|Volt Switch|p2a: Tapu Fini
|-supereffective|p2a: Tapu Fini
|-damage|p2a: Tapu Fini|52/100
|
|t:|1749768563
|switch|p1a: Gliscor|Gliscor, M|100/100 tox|[from] Volt Switch
|-damage|p1a: Gliscor|88/100 tox|[from] Stealth Rock
|move|p2a: Tapu Fini|Nature's Madness|p1a: Gliscor
|-damage|p1a: Gliscor|44/100 tox
|
|-heal|p2a: Tapu Fini|59/100|[from] item: Leftovers
|-heal|p1a: Gliscor|57/100 tox|[from] ability: Poison Heal
|upkeep
|turn|16
|
|t:|1749768572
|switch|p2a: Kartana|Kartana|78/100
|-damage|p2a: Kartana|72/100|[from] Stealth Rock
|move|p1a: Gliscor|Knock Off|p2a: Kartana
|-damage|p2a: Kartana|50/100
|-enditem|p2a: Kartana|Choice Band|[from] move: Knock Off|[of] p1a: Gliscor
|
|-heal|p1a: Gliscor|69/100 tox|[from] ability: Poison Heal
|upkeep
|turn|17
|
|t:|1749768580
|move|p2a: Kartana|Leaf Blade|p1a: Gliscor
|-damage|p1a: Gliscor|31/100 tox
|move|p1a: Gliscor|Earthquake|p2a: Kartana
|-damage|p2a: Kartana|18/100
|
|-heal|p1a: Gliscor|43/100 tox|[from] ability: Poison Heal
|upkeep
|turn|18
|
|t:|1749768590
|move|p2a: Kartana|Leaf Blade|p1a: Gliscor
|-damage|p1a: Gliscor|1/100 tox
|move|p1a: Gliscor|Roost|p1a: Gliscor
|-heal|p1a: Gliscor|51/100 tox
|-singleturn|p1a: Gliscor|move: Roost
|
|-heal|p1a: Gliscor|64/100 tox|[from] ability: Poison Heal
|-fieldend|Misty Terrain
|upkeep
|turn|19
|
|t:|1749768597
|switch|p1a: Magearna|Magearna|100/100
|-damage|p1a: Magearna|94/100|[from] Stealth Rock
|move|p2a: Kartana|Leaf Blade|p1a: Magearna
|-resisted|p1a: Magearna
|-damage|p1a: Magearna|76/100
|
|upkeep
|turn|20
|
|t:|1749768603
|switch|p2a: Landorus|Landorus-Therian, M|100/100
|-damage|p2a: Landorus|88/100|[from] Stealth Rock
|-ability|p2a: Landorus|Intimidate|boost
|-unboost|p1a: Magearna|atk|1
|move|p1a: Magearna|Thunderbolt|p2a: Landorus
|-immune|p2a: Landorus
|
|upkeep
|turn|21
|
|t:|1749768616
|switch|p1a: Cresselia|Cresselia, F|45/100
|-damage|p1a: Cresselia|33/100|[from] Stealth Rock
|move|p2a: Landorus|Defog|p1a: Cresselia
|-unboost|p1a: Cresselia|evasion|1
|-sideend|p1: randomdancin|Stealth Rock|[from] move: Defog|[of] p2a: Landorus
|-sideend|p2: hexum|Stealth Rock|[from] move: Defog|[of] p2a: Landorus
|
|upkeep
|turn|22
|
|t:|1749768628
|switch|p2a: Heatran|Heatran, M|86/100
|move|p1a: Cresselia|Thunder Wave|p2a: Heatran
|-status|p2a: Heatran|par
|
|-heal|p2a: Heatran|92/100 par|[from] item: Leftovers
|upkeep
|turn|23
|
|t:|1749768637
|switch|p1a: Chansey|Chansey, F|70/100
|move|p2a: Heatran|Stealth Rock|p1a: Chansey
|-sidestart|p1: randomdancin|move: Stealth Rock
|
|-heal|p2a: Heatran|98/100 par|[from] item: Leftovers
|upkeep
|turn|24
|
|t:|1749768646
|switch|p2a: Kartana|Kartana|18/100
|move|p1a: Chansey|Stealth Rock|p2a: Kartana
|-sidestart|p2: hexum|move: Stealth Rock
|
|upkeep
|turn|25
|
|t:|1749768658
|switch|p1a: Cresselia|Cresselia, F|33/100
|-damage|p1a: Cresselia|21/100|[from] Stealth Rock
|move|p2a: Kartana|Smart Strike|p1a: Cresselia
|-damage|p1a: Cresselia|0 fnt
|-damage|p2a: Kartana|2/100|[from] item: Rocky Helmet|[of] p1a: Cresselia
|faint|p1a: Cresselia
|-ability|p2a: Kartana|Beast Boost|boost
|-boost|p2a: Kartana|atk|1
|
|upkeep
|
|t:|1749768663
|switch|p1a: Lopunny|Lopunny-Mega, F|100/100
|-damage|p1a: Lopunny|95/100|[from] Stealth Rock
|turn|26
|
|t:|1749768669
|switch|p2a: Magearna|Magearna|100/100
|-damage|p2a: Magearna|94/100|[from] Stealth Rock
|move|p1a: Lopunny|Frustration|p2a: Magearna
|-resisted|p2a: Magearna
|-damage|p2a: Magearna|77/100
|
|upkeep
|turn|27
|
|t:|1749768682
|switch|p1a: Magearna|Magearna|76/100
|-damage|p1a: Magearna|70/100|[from] Stealth Rock
|move|p2a: Magearna|Fleur Cannon|p1a: Magearna
|-resisted|p1a: Magearna
|-damage|p1a: Magearna|45/100
|-unboost|p2a: Magearna|spa|2
|
|upkeep
|turn|28
|
|t:|1749768710
|switch|p2a: Landorus|Landorus-Therian, M|88/100
|-damage|p2a: Landorus|76/100|[from] Stealth Rock
|-ability|p2a: Landorus|Intimidate|boost
|-unboost|p1a: Magearna|atk|1
|move|p1a: Magearna|Pain Split|p2a: Landorus
|-sethp|p2a: Landorus|60/100|[from] move: Pain Split|[silent]
|-sethp|p1a: Magearna|62/100|[from] move: Pain Split
|
|upkeep
|turn|29
|
|t:|1749768721
|move|p2a: Landorus|U-turn|p1a: Magearna
|-resisted|p1a: Magearna
|-damage|p1a: Magearna|58/100
|
|t:|1749768727
|switch|p2a: Charizard|Charizard-Mega-Y, F|100/100|[from] U-turn
|-damage|p2a: Charizard|51/100|[from] Stealth Rock
|-weather|SunnyDay|[from] ability: Drought|[of] p2a: Charizard
|move|p1a: Magearna|Fleur Cannon|p2a: Charizard
|-resisted|p2a: Charizard
|-damage|p2a: Charizard|24/100
|-unboost|p1a: Magearna|spa|2
|
|-weather|SunnyDay|[upkeep]
|upkeep
|turn|30
|
|t:|1749768736
|switch|p1a: Chansey|Chansey, F|70/100
|-damage|p1a: Chansey|58/100|[from] Stealth Rock
|move|p2a: Charizard|Fire Blast|p1a: Chansey|[miss]
|-miss|p2a: Charizard|p1a: Chansey
|
|-weather|SunnyDay|[upkeep]
|upkeep
|turn|31
|c|☆randomdancin|sry
|inactive|hexum has 120 seconds left.
|
|t:|1749768763
|move|p2a: Charizard|Roost|p2a: Charizard
|-heal|p2a: Charizard|74/100
|-singleturn|p2a: Charizard|move: Roost
|move|p1a: Chansey|Soft-Boiled|p1a: Chansey
|-heal|p1a: Chansey|100/100
|
|-weather|SunnyDay|[upkeep]
|upkeep
|turn|32
|inactive|hexum has 120 seconds left.
|
|t:|1749768786
|switch|p2a: Magearna|Magearna|77/100
|-damage|p2a: Magearna|71/100|[from] Stealth Rock
|move|p1a: Chansey|Seismic Toss|p2a: Magearna
|-damage|p2a: Magearna|43/100
|
|-weather|SunnyDay|[upkeep]
|upkeep
|turn|33
|
|t:|1749768794
|switch|p1a: Magearna|Magearna|58/100
|-damage|p1a: Magearna|52/100|[from] Stealth Rock
|move|p2a: Magearna|Calm Mind|p2a: Magearna
|-boost|p2a: Magearna|spa|1
|-boost|p2a: Magearna|spd|1
|
|-weather|none
|upkeep
|turn|34
|
|t:|1749768808
|move|p2a: Magearna|Thunderbolt|p1a: Magearna
|-damage|p1a: Magearna|17/100
|-zpower|p1a: Magearna
|move|p1a: Magearna|Twinkle Tackle|p2a: Magearna|[zeffect]
|-resisted|p2a: Magearna
|-damage|p2a: Magearna|18/100
|
|upkeep
|turn|35
|
|t:|1749768816
|move|p2a: Magearna|Fleur Cannon|p1a: Magearna
|-resisted|p1a: Magearna
|-damage|p1a: Magearna|0 fnt
|-unboost|p2a: Magearna|spa|2
|faint|p1a: Magearna
|-ability|p2a: Magearna|Soul-Heart|boost
|-boost|p2a: Magearna|spa|1
|
|upkeep
|
|t:|1749768821
|switch|p1a: Lopunny|Lopunny-Mega, F|95/100
|-damage|p1a: Lopunny|89/100|[from] Stealth Rock
|turn|36
|inactive|hexum has 120 seconds left.
|inactive|randomdancin has 120 seconds left.
|
|t:|1749768877
|switch|p2a: Kartana|Kartana|2/100
|-damage|p2a: Kartana|0 fnt|[from] Stealth Rock
|faint|p2a: Kartana
|move|p1a: Lopunny|Fake Out|p2: Kartana|[notarget]
|-fail|p1a: Lopunny
|
|upkeep
|
|t:|1749768884
|switch|p2a: Landorus|Landorus-Therian, M|60/100
|-damage|p2a: Landorus|47/100|[from] Stealth Rock
|-ability|p2a: Landorus|Intimidate|boost
|-unboost|p1a: Lopunny|atk|1
|turn|37
|inactive|hexum has 120 seconds left.
|
|t:|1749768890
|move|p2a: Landorus|Defog|p1a: Lopunny
|-unboost|p1a: Lopunny|evasion|1
|-sideend|p1: randomdancin|Stealth Rock|[from] move: Defog|[of] p2a: Landorus
|-sideend|p2: hexum|Stealth Rock|[from] move: Defog|[of] p2a: Landorus
|move|p1a: Lopunny|Frustration|p2a: Landorus
|-damage|p2a: Landorus|8/100
|
|upkeep
|turn|38
|
|t:|1749768899
|switch|p2a: Heatran|Heatran, M|98/100 par
|move|p1a: Lopunny|Frustration|p2a: Heatran
|-resisted|p2a: Heatran
|-damage|p2a: Heatran|82/100 par
|
|-heal|p2a: Heatran|88/100 par|[from] item: Leftovers
|upkeep
|turn|39
|
|t:|1749768909
|switch|p1a: Zapdos|Zapdos|82/100
|switch|p2a: Tapu Fini|Tapu Fini|59/100
|-fieldstart|move: Misty Terrain|[from] ability: Misty Surge|[of] p2a: Tapu Fini
|
|-heal|p1a: Zapdos|88/100|[from] item: Leftovers
|-heal|p2a: Tapu Fini|65/100|[from] item: Leftovers
|upkeep
|turn|40
|
|t:|1749768915
|switch|p2a: Landorus|Landorus-Therian, M|8/100
|-ability|p2a: Landorus|Intimidate|boost
|-unboost|p1a: Zapdos|atk|1
|move|p1a: Zapdos|Volt Switch|p2a: Landorus
|-immune|p2a: Landorus
|
|-heal|p1a: Zapdos|94/100|[from] item: Leftovers
|upkeep
|turn|41
|
|t:|1749768920
|move|p2a: Landorus|Stone Edge|p1a: Zapdos
|-supereffective|p1a: Zapdos
|-damage|p1a: Zapdos|35/100
|move|p1a: Zapdos|Volt Switch|p2a: Landorus
|-immune|p2a: Landorus
|
|-heal|p1a: Zapdos|41/100|[from] item: Leftovers
|upkeep
|turn|42
|
|t:|1749768926
|switch|p2a: Magearna|Magearna|18/100
|switch|p1a: Chansey|Chansey, F|100/100
|
|upkeep
|turn|43
|
|t:|1749768930
|switch|p1a: Zapdos|Zapdos|41/100
|move|p2a: Magearna|Pain Split|p1a: Zapdos
|-sethp|p1a: Zapdos|29/100|[from] move: Pain Split|[silent]
|-sethp|p2a: Magearna|31/100|[from] move: Pain Split
|
|-heal|p1a: Zapdos|35/100|[from] item: Leftovers
|-fieldend|Misty Terrain
|upkeep
|turn|44
|
|t:|1749768935
|switch|p2a: Heatran|Heatran, M|88/100 par
|move|p1a: Zapdos|Heat Wave|p2a: Heatran
|-start|p2a: Heatran|ability: Flash Fire
|
|-heal|p1a: Zapdos|41/100|[from] item: Leftovers
|-heal|p2a: Heatran|95/100 par|[from] item: Leftovers
|upkeep
|turn|45
|
|t:|1749768941
|move|p1a: Zapdos|Volt Switch|p2a: Heatran
|-damage|p2a: Heatran|76/100 par
|
|t:|1749768943
|switch|p1a: Chansey|Chansey, F|100/100|[from] Volt Switch
|move|p2a: Heatran|Magma Storm|p1a: Chansey
|-damage|p1a: Chansey|81/100
|-activate|p1a: Chansey|move: Magma Storm|[of] p2a: Heatran
|
|-heal|p2a: Heatran|82/100 par|[from] item: Leftovers
|-damage|p1a: Chansey|68/100|[from] move: Magma Storm|[partiallytrapped]
|upkeep
|turn|46
|
|t:|1749768951
|move|p1a: Chansey|Stealth Rock|p2a: Heatran
|-sidestart|p2: hexum|move: Stealth Rock
|move|p2a: Heatran|Toxic|p1a: Chansey|[miss]
|-miss|p2a: Heatran|p1a: Chansey
|
|-heal|p2a: Heatran|88/100 par|[from] item: Leftovers
|-damage|p1a: Chansey|56/100|[from] move: Magma Storm|[partiallytrapped]
|upkeep
|turn|47
|
|t:|1749768968
|move|p1a: Chansey|Seismic Toss|p2a: Heatran
|-damage|p2a: Heatran|62/100 par
|move|p2a: Heatran|Toxic|p1a: Chansey
|-status|p1a: Chansey|tox
|
|-heal|p2a: Heatran|68/100 par|[from] item: Leftovers
|-damage|p1a: Chansey|50/100 tox|[from] psn
|-damage|p1a: Chansey|38/100 tox|[from] move: Magma Storm|[partiallytrapped]
|upkeep
|turn|48
|
|t:|1749768973
|move|p1a: Chansey|Soft-Boiled|p1a: Chansey
|-heal|p1a: Chansey|88/100 tox
|move|p2a: Heatran|Stealth Rock|p1a: Chansey
|-sidestart|p1: randomdancin|move: Stealth Rock
|
|-heal|p2a: Heatran|75/100 par|[from] item: Leftovers
|-damage|p1a: Chansey|75/100 tox|[from] psn
|-damage|p1a: Chansey|63/100 tox|[from] move: Magma Storm|[partiallytrapped]
|upkeep
|turn|49
|
|t:|1749768978
|move|p1a: Chansey|Soft-Boiled|p1a: Chansey
|-heal|p1a: Chansey|100/100 tox
|cant|p2a: Heatran|par
|
|-heal|p2a: Heatran|81/100 par|[from] item: Leftovers
|-damage|p1a: Chansey|82/100 tox|[from] psn
|-damage|p1a: Chansey|70/100 tox|[from] move: Magma Storm|[partiallytrapped]
|upkeep
|turn|50
|
|t:|1749768982
|move|p1a: Chansey|Soft-Boiled|p1a: Chansey
|-heal|p1a: Chansey|100/100 tox
|cant|p2a: Heatran|par
|
|-heal|p2a: Heatran|87/100 par|[from] item: Leftovers
|-damage|p1a: Chansey|76/100 tox|[from] psn
|-end|p1a: Chansey|Magma Storm|[partiallytrapped]
|upkeep
|turn|51
|
|t:|1749768984
|-curestatus|p1a: Chansey|tox|[from] ability: Natural Cure
|switch|p1a: Gliscor|Gliscor, M|64/100 tox
|-damage|p1a: Gliscor|51/100 tox|[from] Stealth Rock
|move|p2a: Heatran|Magma Storm|p1a: Gliscor
|-damage|p1a: Gliscor|0 fnt
|faint|p1a: Gliscor
|
|-heal|p2a: Heatran|93/100 par|[from] item: Leftovers
|upkeep
|
|t:|1749768987
|switch|p1a: Lopunny|Lopunny-Mega, F|89/100
|-damage|p1a: Lopunny|83/100|[from] Stealth Rock
|turn|52
|
|t:|1749769006
|-end|p2a: Heatran|ability: Flash Fire|[silent]
|switch|p2a: Landorus|Landorus-Therian, M|8/100
|-damage|p2a: Landorus|0 fnt|[from] Stealth Rock
|faint|p2a: Landorus
|move|p1a: Lopunny|High Jump Kick|p2: Landorus|[notarget]
|-fail|p1a: Lopunny
|
|upkeep
|
|t:|1749769014
|switch|p2a: Tapu Fini|Tapu Fini|65/100
|-damage|p2a: Tapu Fini|52/100|[from] Stealth Rock
|-fieldstart|move: Misty Terrain|[from] ability: Misty Surge|[of] p2a: Tapu Fini
|turn|53
|
|t:|1749769026
|switch|p1a: Chansey|Chansey, F|76/100
|-damage|p1a: Chansey|64/100|[from] Stealth Rock
|switch|p2a: Magearna|Magearna|31/100
|-damage|p2a: Magearna|25/100|[from] Stealth Rock
|
|upkeep
|turn|54
|
|t:|1749769029
|switch|p1a: Zapdos|Zapdos|41/100
|-damage|p1a: Zapdos|16/100|[from] Stealth Rock
|-zpower|p2a: Magearna
|move|p2a: Magearna|Twinkle Tackle|p1a: Zapdos|[zeffect]
|-crit|p1a: Zapdos
|-damage|p1a: Zapdos|0 fnt
|faint|p1a: Zapdos
|-ability|p2a: Magearna|Soul-Heart|boost
|-boost|p2a: Magearna|spa|1
|
|upkeep
|
|t:|1749769034
|switch|p1a: Lopunny|Lopunny-Mega, F|83/100
|-damage|p1a: Lopunny|77/100|[from] Stealth Rock
|turn|55
|
|t:|1749769040
|switch|p2a: Charizard|Charizard-Mega-Y, F|74/100
|-damage|p2a: Charizard|24/100|[from] Stealth Rock
|-weather|SunnyDay|[from] ability: Drought|[of] p2a: Charizard
|move|p1a: Lopunny|High Jump Kick|p2a: Charizard|[miss]
|-miss|p1a: Lopunny|p2a: Charizard
|-damage|p1a: Lopunny|27/100|[from] highjumpkick
|
|-weather|SunnyDay|[upkeep]
|upkeep
|turn|56
|
|t:|1749769045
|move|p1a: Lopunny|Frustration|p2a: Charizard
|-damage|p2a: Charizard|0 fnt
|faint|p2a: Charizard
|detailschange|p2: Charizard|Charizard, F|[silent]
|
|-weather|SunnyDay|[upkeep]
|upkeep
|
|t:|1749769047
|switch|p2a: Tapu Fini|Tapu Fini|52/100
|-damage|p2a: Tapu Fini|40/100|[from] Stealth Rock
|turn|57
|
|t:|1749769054
|switch|p1a: Chansey|Chansey, F|64/100
|-damage|p1a: Chansey|51/100|[from] Stealth Rock
|move|p2a: Tapu Fini|Moonblast|p1a: Chansey
|-damage|p1a: Chansey|42/100
|
|-weather|SunnyDay|[upkeep]
|-heal|p2a: Tapu Fini|46/100|[from] item: Leftovers
|-fieldend|Misty Terrain
|upkeep
|turn|58
|
|t:|1749769072
|switch|p2a: Heatran|Heatran, M|93/100 par
|-damage|p2a: Heatran|81/100 par|[from] Stealth Rock
|move|p1a: Chansey|Seismic Toss|p2a: Heatran
|-damage|p2a: Heatran|55/100 par
|
|-weather|SunnyDay|[upkeep]
|-heal|p2a: Heatran|61/100 par|[from] item: Leftovers
|upkeep
|turn|59
|
|t:|1749769079
|move|p1a: Chansey|Seismic Toss|p2a: Heatran
|-damage|p2a: Heatran|35/100 par
|cant|p2a: Heatran|par
|
|-weather|none
|-heal|p2a: Heatran|41/100 par|[from] item: Leftovers
|upkeep
|turn|60
|
|t:|1749769088
|move|p1a: Chansey|Seismic Toss|p2a: Heatran
|-damage|p2a: Heatran|15/100 par
|move|p2a: Heatran|Earth Power|p1a: Chansey
|-damage|p1a: Chansey|33/100
|
|-heal|p2a: Heatran|22/100 par|[from] item: Leftovers
|upkeep
|turn|61
|
|t:|1749769093
|move|p1a: Chansey|Seismic Toss|p2a: Heatran
|-damage|p2a: Heatran|0 fnt
|faint|p2a: Heatran
|
|upkeep
|
|t:|1749769096
|switch|p2a: Magearna|Magearna|25/100
|-damage|p2a: Magearna|19/100|[from] Stealth Rock
|turn|62
|
|t:|1749769099
|move|p2a: Magearna|Pain Split|p1a: Chansey
|-sethp|p1a: Chansey|22/100|[from] move: Pain Split|[silent]
|-sethp|p2a: Magearna|42/100|[from] move: Pain Split
|move|p1a: Chansey|Seismic Toss|p2a: Magearna
|-damage|p2a: Magearna|14/100
|
|upkeep
|turn|63
|
|t:|1749769105
|move|p2a: Magearna|Fleur Cannon|p1a: Chansey
|-damage|p1a: Chansey|5/100
|-unboost|p2a: Magearna|spa|2
|move|p1a: Chansey|Seismic Toss|p2a: Magearna
|-damage|p2a: Magearna|0 fnt
|faint|p2a: Magearna
|
|upkeep
|
|t:|1749769108
|switch|p2a: Tapu Fini|Tapu Fini|46/100
|-damage|p2a: Tapu Fini|34/100|[from] Stealth Rock
|-fieldstart|move: Misty Terrain|[from] ability: Misty Surge|[of] p2a: Tapu Fini
|turn|64
|
|t:|1749769111
|move|p2a: Tapu Fini|Moonblast|p1a: Chansey
|-damage|p1a: Chansey|0 fnt
|faint|p1a: Chansey
|
|-heal|p2a: Tapu Fini|40/100|[from] item: Leftovers
|upkeep
|
|t:|1749769114
|switch|p1a: Lopunny|Lopunny-Mega, F|27/100
|-damage|p1a: Lopunny|21/100|[from] Stealth Rock
|turn|65
|
|t:|1749769115
|move|p1a: Lopunny|Fake Out|p2a: Tapu Fini
|-damage|p2a: Tapu Fini|22/100
|cant|p2a: Tapu Fini|flinch
|
|-heal|p2a: Tapu Fini|28/100|[from] item: Leftovers
|upkeep
|turn|66
|
|t:|1749769118
|move|p1a: Lopunny|Frustration|p2a: Tapu Fini
|-damage|p2a: Tapu Fini|0 fnt
|faint|p2a: Tapu Fini
|
|win|randomdancin
|raw|randomdancin's rating: 1598 &rarr; <strong>1621</strong><br />(+23 for winning)
|raw|hexum's rating: 1645 &rarr; <strong>1622</strong><br />(-23 for losing)
|c|☆randomdancin|gg
|c|☆hexum|gg
