|j|☆habibifree
|j|☆SMLT 1NMZ S Norton
|t:|1743281333
|gametype|singles
|player|p1|habibifree|battlegirl-gen4|1562
|player|p2|SMLT 1NMZ S Norton|170|1715
|teamsize|p1|6
|teamsize|p2|6
|gen|7
|tier|[Gen 7] OU
|rated|
|rule|Sleep Clause Mod: Limit one foe put to sleep
|rule|Species Clause: Limit one of each Pokémon
|rule|OHKO Clause: OHKO moves are banned
|rule|Moody Clause: Moody is banned
|rule|Evasion Items Clause: Evasion items are banned
|rule|Evasion Moves Clause: Evasion moves are banned
|rule|Endless Battle Clause: Forcing endless battles is banned
|rule|HP Percentage Mod: HP is shown in percentages
|clearpoke
|poke|p1|Chansey, F|item
|poke|p1|Zapdos|item
|poke|p1|Lopunny, M|item
|poke|p1|Cresselia, F|item
|poke|p1|Magearna|item
|poke|p1|Gliscor, M|item
|poke|p2|Venusaur, M|item
|poke|p2|Skarmory, F|item
|poke|p2|Cresselia, F|item
|poke|p2|Chansey, F|item
|poke|p2|Starmie|item
|poke|p2|Ditto|item
|teampreview
|inactive|Battle timer is ON: inactive players will automatically lose when time's up. (requested by habibifree)
|
|t:|1743281362
|start
|switch|p1a: Chansey|Chansey, F|100/100
|switch|p2a: Venusaur|Venusaur, M, shiny|100/100
|turn|1
|
|t:|1743281371
|switch|p1a: Cresselia|Cresselia, F|100/100
|detailschange|p2a: Venusaur|Venusaur-Mega, M, shiny
|-mega|p2a: Venusaur|Venusaur|Venusaurite
|move|p2a: Venusaur|Knock Off|p1a: Cresselia
|-supereffective|p1a: Cresselia
|-damage|p1a: Cresselia|82/100
|-damage|p2a: Venusaur|84/100|[from] item: Rocky Helmet|[of] p1a: Cresselia
|-enditem|p1a: Cresselia|Rocky Helmet|[from] move: Knock Off|[of] p2a: Venusaur
|
|upkeep
|turn|2
|
|t:|1743281376
|switch|p2a: Chansey|Chansey, F, shiny|100/100
|move|p1a: Cresselia|Thunder Wave|p2a: Chansey
|-status|p2a: Chansey|par
|
|upkeep
|turn|3
|
|t:|1743281379
|switch|p1a: Gliscor|Gliscor, M|100/100
|move|p2a: Chansey|Stealth Rock|p1a: Gliscor
|-sidestart|p1: habibifree|move: Stealth Rock
|
|-status|p1a: Gliscor|tox|[from] item: Toxic Orb
|upkeep
|turn|4
|
|t:|1743281383
|-curestatus|p2a: Chansey|par|[from] ability: Natural Cure
|switch|p2a: Skarmory|Skarmory, F, shiny|100/100
|move|p1a: Gliscor|Knock Off|p2a: Skarmory
|-damage|p2a: Skarmory|88/100
|-damage|p1a: Gliscor|84/100 tox|[from] item: Rocky Helmet|[of] p2a: Skarmory
|-enditem|p2a: Skarmory|Rocky Helmet|[from] move: Knock Off|[of] p1a: Gliscor
|
|-heal|p1a: Gliscor|97/100 tox|[from] ability: Poison Heal
|upkeep
|turn|5
|
|t:|1743281387
|move|p1a: Gliscor|Knock Off|p2a: Skarmory
|-damage|p2a: Skarmory|81/100
|move|p2a: Skarmory|Spikes|p1a: Gliscor
|-sidestart|p1: habibifree|Spikes
|
|-heal|p1a: Gliscor|100/100 tox|[from] ability: Poison Heal
|upkeep
|turn|6
|
|t:|1743281398
|move|p1a: Gliscor|Knock Off|p2a: Skarmory
|-damage|p2a: Skarmory|72/100
|move|p2a: Skarmory|Spikes|p1a: Gliscor
|-sidestart|p1: habibifree|Spikes
|
|upkeep
|turn|7
|
|t:|1743281400
|move|p1a: Gliscor|Defog|p2a: Skarmory
|-unboost|p2a: Skarmory|evasion|1
|-sideend|p1: habibifree|Spikes|[from] move: Defog|[of] p1a: Gliscor
|-sideend|p1: habibifree|Stealth Rock|[from] move: Defog|[of] p1a: Gliscor
|move|p2a: Skarmory|Spikes|p1a: Gliscor
|-sidestart|p1: habibifree|Spikes
|
|upkeep
|turn|8
|
|t:|1743281405
|switch|p1a: Zapdos|Zapdos|100/100
|move|p2a: Skarmory|Whirlwind|p1a: Zapdos
|drag|p1a: Lopunny|Lopunny, M|100/100
|-damage|p1a: Lopunny|88/100|[from] Spikes
|
|upkeep
|turn|9
|
|t:|1743281409
|detailschange|p1a: Lopunny|Lopunny-Mega, M
|-mega|p1a: Lopunny|Lopunny|Lopunnite
|move|p1a: Lopunny|Fake Out|p2a: Skarmory
|-resisted|p2a: Skarmory
|-damage|p2a: Skarmory|65/100
|cant|p2a: Skarmory|flinch
|
|upkeep
|turn|10
|
|t:|1743281414
|switch|p1a: Zapdos|Zapdos|100/100
|switch|p2a: Cresselia|Cresselia, F, shiny|100/100
|
|upkeep
|turn|11
|
|t:|1743281417
|switch|p2a: Chansey|Chansey, F, shiny|100/100
|move|p1a: Zapdos|Volt Switch|p2a: Chansey
|-damage|p2a: Chansey|92/100
|
|t:|1743281430
|switch|p1a: Gliscor|Gliscor, M|100/100 tox|[from] Volt Switch
|
|upkeep
|turn|12
|inactive|SMLT 1NMZ S Norton has 120 seconds left.
|
|t:|1743281468
|switch|p1a: Zapdos|Zapdos|100/100
|switch|p2a: Skarmory|Skarmory, F, shiny|65/100
|
|upkeep
|turn|13
|
|t:|1743281471
|switch|p2a: Chansey|Chansey, F, shiny|92/100
|move|p1a: Zapdos|Volt Switch|p2a: Chansey
|-damage|p2a: Chansey|83/100
|
|t:|1743281486
|switch|p1a: Gliscor|Gliscor, M|100/100 tox|[from] Volt Switch
|
|upkeep
|turn|14
|
|t:|1743281489
|switch|p1a: Zapdos|Zapdos|100/100
|switch|p2a: Skarmory|Skarmory, F, shiny|65/100
|
|upkeep
|turn|15
|
|t:|1743281492
|switch|p2a: Chansey|Chansey, F, shiny|83/100
|move|p1a: Zapdos|Volt Switch|p2a: Chansey
|-damage|p2a: Chansey|73/100
|
|t:|1743281495
|switch|p1a: Gliscor|Gliscor, M|100/100 tox|[from] Volt Switch
|
|upkeep
|turn|16
|
|t:|1743281502
|switch|p2a: Skarmory|Skarmory, F, shiny|65/100
|move|p1a: Gliscor|Knock Off|p2a: Skarmory
|-damage|p2a: Skarmory|57/100
|
|upkeep
|turn|17
|
|t:|1743281506
|switch|p1a: Chansey|Chansey, F|100/100
|-damage|p1a: Chansey|88/100|[from] Spikes
|move|p2a: Skarmory|Roost|p2a: Skarmory
|-heal|p2a: Skarmory|100/100
|-singleturn|p2a: Skarmory|move: Roost
|
|upkeep
|turn|18
|
|t:|1743281512
|switch|p2a: Chansey|Chansey, F, shiny|73/100
|move|p1a: Chansey|Stealth Rock|p2a: Chansey
|-sidestart|p2: SMLT 1NMZ S Norton|move: Stealth Rock
|
|upkeep
|turn|19
|
|t:|1743281516
|switch|p1a: Gliscor|Gliscor, M|100/100 tox
|move|p2a: Chansey|Stealth Rock|p1a: Gliscor
|-sidestart|p1: habibifree|move: Stealth Rock
|
|upkeep
|turn|20
|
|t:|1743281520
|switch|p1a: Zapdos|Zapdos|100/100
|-damage|p1a: Zapdos|76/100|[from] Stealth Rock
|switch|p2a: Skarmory|Skarmory, F, shiny|100/100
|-damage|p2a: Skarmory|88/100|[from] Stealth Rock
|
|-heal|p1a: Zapdos|82/100|[from] item: Leftovers
|upkeep
|turn|21
|
|t:|1743281524
|switch|p2a: Chansey|Chansey, F, shiny|73/100
|-damage|p2a: Chansey|61/100|[from] Stealth Rock
|move|p1a: Zapdos|Volt Switch|p2a: Chansey
|-damage|p2a: Chansey|51/100
|
|t:|1743281544
|switch|p1a: Gliscor|Gliscor, M|100/100 tox|[from] Volt Switch
|-damage|p1a: Gliscor|88/100 tox|[from] Stealth Rock
|
|-heal|p1a: Gliscor|100/100 tox|[from] ability: Poison Heal
|upkeep
|turn|22
|
|t:|1743281563
|switch|p2a: Skarmory|Skarmory, F, shiny|88/100
|-damage|p2a: Skarmory|76/100|[from] Stealth Rock
|move|p1a: Gliscor|Knock Off|p2a: Skarmory
|-damage|p2a: Skarmory|68/100
|
|upkeep
|turn|23
|
|t:|1743281575
|move|p1a: Gliscor|Defog|p2a: Skarmory
|-unboost|p2a: Skarmory|evasion|1
|-sideend|p2: SMLT 1NMZ S Norton|Stealth Rock|[from] move: Defog|[of] p1a: Gliscor
|-sideend|p1: habibifree|Spikes|[from] move: Defog|[of] p1a: Gliscor
|-sideend|p1: habibifree|Stealth Rock|[from] move: Defog|[of] p1a: Gliscor
|move|p2a: Skarmory|Spikes|p1a: Gliscor
|-sidestart|p1: habibifree|Spikes
|
|upkeep
|turn|24
|
|t:|1743281583
|switch|p2a: Venusaur|Venusaur-Mega, M, shiny|84/100
|move|p1a: Gliscor|Knock Off|p2a: Venusaur
|-damage|p2a: Venusaur|75/100
|
|upkeep
|turn|25
|
|t:|1743281586
|switch|p2a: Skarmory|Skarmory, F, shiny|68/100
|move|p1a: Gliscor|Earthquake|p2a: Skarmory
|-immune|p2a: Skarmory
|
|upkeep
|turn|26
|
|t:|1743281590
|switch|p1a: Zapdos|Zapdos|82/100
|move|p2a: Skarmory|Spikes|p1a: Zapdos
|-sidestart|p1: habibifree|Spikes
|
|-heal|p1a: Zapdos|88/100|[from] item: Leftovers
|upkeep
|turn|27
|
|t:|1743281597
|switch|p2a: Venusaur|Venusaur-Mega, M, shiny|75/100
|move|p1a: Zapdos|Volt Switch|p2a: Venusaur
|-resisted|p2a: Venusaur
|-crit|p2a: Venusaur
|-damage|p2a: Venusaur|57/100
|inactive|habibifree has 120 seconds left.
|
|t:|1743281652
|switch|p1a: Chansey|Chansey, F|88/100|[from] Volt Switch
|-damage|p1a: Chansey|71/100|[from] Spikes
|
|upkeep
|turn|28
|
|t:|1743281664
|move|p2a: Venusaur|Knock Off|p1a: Chansey
|-damage|p1a: Chansey|58/100
|-enditem|p1a: Chansey|Eviolite|[from] move: Knock Off|[of] p2a: Venusaur
|move|p1a: Chansey|Stealth Rock|p2a: Venusaur
|-sidestart|p2: SMLT 1NMZ S Norton|move: Stealth Rock
|
|upkeep
|turn|29
|
|t:|1743281669
|switch|p1a: Gliscor|Gliscor, M|100/100 tox
|move|p2a: Venusaur|Synthesis|p2a: Venusaur
|-heal|p2a: Venusaur|100/100
|
|upkeep
|turn|30
|
|t:|1743281693
|move|p1a: Gliscor|Earthquake|p2a: Venusaur
|-damage|p2a: Venusaur|81/100
|move|p2a: Venusaur|Knock Off|p1a: Gliscor
|-damage|p1a: Gliscor|87/100 tox
|-enditem|p1a: Gliscor|Toxic Orb|[from] move: Knock Off|[of] p2a: Venusaur
|
|-heal|p1a: Gliscor|99/100 tox|[from] ability: Poison Heal
|upkeep
|turn|31
|
|t:|1743281699
|switch|p2a: Skarmory|Skarmory, F, shiny|68/100
|-damage|p2a: Skarmory|55/100|[from] Stealth Rock
|move|p1a: Gliscor|Earthquake|p2a: Skarmory
|-immune|p2a: Skarmory
|
|-heal|p1a: Gliscor|100/100 tox|[from] ability: Poison Heal
|upkeep
|turn|32
|
|t:|1743281702
|switch|p1a: Zapdos|Zapdos|88/100
|move|p2a: Skarmory|Spikes|p1a: Zapdos
|-sidestart|p1: habibifree|Spikes
|
|-heal|p1a: Zapdos|94/100|[from] item: Leftovers
|upkeep
|turn|33
|
|t:|1743281706
|switch|p2a: Venusaur|Venusaur-Mega, M, shiny|81/100
|-damage|p2a: Venusaur|68/100|[from] Stealth Rock
|move|p1a: Zapdos|Volt Switch|p2a: Venusaur
|-resisted|p2a: Venusaur
|-damage|p2a: Venusaur|57/100
|
|t:|1743281712
|switch|p1a: Gliscor|Gliscor, M|100/100 tox|[from] Volt Switch
|
|upkeep
|turn|34
|
|t:|1743281717
|move|p1a: Gliscor|Earthquake|p2a: Venusaur
|-damage|p2a: Venusaur|36/100
|move|p2a: Venusaur|Synthesis|p2a: Venusaur
|-heal|p2a: Venusaur|86/100
|
|upkeep
|turn|35
|
|t:|1743281719
|switch|p2a: Skarmory|Skarmory, F, shiny|55/100
|-damage|p2a: Skarmory|43/100|[from] Stealth Rock
|move|p1a: Gliscor|Earthquake|p2a: Skarmory
|-immune|p2a: Skarmory
|
|upkeep
|turn|36
|
|t:|1743281722
|switch|p1a: Zapdos|Zapdos|94/100
|move|p2a: Skarmory|Roost|p2a: Skarmory
|-heal|p2a: Skarmory|93/100
|-singleturn|p2a: Skarmory|move: Roost
|
|-heal|p1a: Zapdos|99/100|[from] item: Leftovers
|upkeep
|turn|37
|
|t:|1743281728
|switch|p2a: Cresselia|Cresselia, F, shiny|100/100
|-damage|p2a: Cresselia|88/100|[from] Stealth Rock
|move|p1a: Zapdos|Volt Switch|p2a: Cresselia
|-damage|p2a: Cresselia|70/100
|
|t:|1743281739
|switch|p1a: Chansey|Chansey, F|58/100|[from] Volt Switch
|-damage|p1a: Chansey|33/100|[from] Spikes
|
|-heal|p2a: Cresselia|77/100|[from] item: Leftovers
|upkeep
|turn|38
|
|t:|1743281747
|switch|p2a: Chansey|Chansey, F, shiny|51/100
|-damage|p2a: Chansey|39/100|[from] Stealth Rock
|move|p1a: Chansey|Toxic|p2a: Chansey
|-status|p2a: Chansey|tox
|
|-damage|p2a: Chansey|33/100 tox|[from] psn
|upkeep
|turn|39
|
|t:|1743281752
|move|p2a: Chansey|Soft-Boiled|p2a: Chansey
|-heal|p2a: Chansey|83/100 tox
|move|p1a: Chansey|Seismic Toss|p2a: Chansey
|-damage|p2a: Chansey|69/100 tox
|
|-damage|p2a: Chansey|57/100 tox|[from] psn
|upkeep
|turn|40
|
|t:|1743281762
|move|p2a: Chansey|Heal Bell|p2a: Chansey
|-activate|p2a: Chansey|move: Heal Bell
|-curestatus|p2a: Chansey|tox|[msg]
|move|p1a: Chansey|Soft-Boiled|p1a: Chansey
|-heal|p1a: Chansey|83/100
|
|upkeep
|turn|41
|
|t:|1743281769
|switch|p1a: Gliscor|Gliscor, M|100/100 tox
|move|p2a: Chansey|Soft-Boiled|p2a: Chansey
|-heal|p2a: Chansey|100/100
|
|upkeep
|turn|42
|
|t:|1743281774
|switch|p2a: Skarmory|Skarmory, F, shiny|93/100
|-damage|p2a: Skarmory|81/100|[from] Stealth Rock
|move|p1a: Gliscor|Defog|p2a: Skarmory
|-unboost|p2a: Skarmory|evasion|1
|-sideend|p2: SMLT 1NMZ S Norton|Stealth Rock|[from] move: Defog|[of] p1a: Gliscor
|-sideend|p1: habibifree|Spikes|[from] move: Defog|[of] p1a: Gliscor
|
|upkeep
|turn|43
|
|t:|1743281777
|switch|p1a: Zapdos|Zapdos|99/100
|move|p2a: Skarmory|Spikes|p1a: Zapdos
|-sidestart|p1: habibifree|Spikes
|
|-heal|p1a: Zapdos|100/100|[from] item: Leftovers
|upkeep
|turn|44
|
|t:|1743281786
|switch|p2a: Chansey|Chansey, F, shiny|100/100
|move|p1a: Zapdos|Volt Switch|p2a: Chansey
|-damage|p2a: Chansey|91/100
|
|t:|1743281790
|switch|p1a: Gliscor|Gliscor, M|100/100 tox|[from] Volt Switch
|
|upkeep
|turn|45
|
|t:|1743281799
|switch|p2a: Skarmory|Skarmory, F, shiny|81/100
|move|p1a: Gliscor|Knock Off|p2a: Skarmory
|-damage|p2a: Skarmory|72/100
|
|upkeep
|turn|46
|
|t:|1743281803
|switch|p1a: Zapdos|Zapdos|100/100
|move|p2a: Skarmory|Spikes|p1a: Zapdos
|-sidestart|p1: habibifree|Spikes
|
|upkeep
|turn|47
|
|t:|1743281806
|switch|p2a: Chansey|Chansey, F, shiny|91/100
|move|p1a: Zapdos|Volt Switch|p2a: Chansey
|-crit|p2a: Chansey
|-damage|p2a: Chansey|79/100
|
|t:|1743281808
|switch|p1a: Gliscor|Gliscor, M|100/100 tox|[from] Volt Switch
|
|upkeep
|turn|48
|
|t:|1743281812
|switch|p2a: Skarmory|Skarmory, F, shiny|72/100
|move|p1a: Gliscor|Knock Off|p2a: Skarmory
|-damage|p2a: Skarmory|64/100
|
|upkeep
|turn|49
|
|t:|1743281815
|switch|p1a: Zapdos|Zapdos|100/100
|move|p2a: Skarmory|Whirlwind|p1a: Zapdos
|drag|p1a: Gliscor|Gliscor, M|100/100 tox
|
|upkeep
|turn|50
|
|t:|1743281818
|switch|p1a: Zapdos|Zapdos|100/100
|move|p2a: Skarmory|Spikes|p1a: Zapdos
|-sidestart|p1: habibifree|Spikes
|
|upkeep
|turn|51
|
|t:|1743281822
|switch|p2a: Cresselia|Cresselia, F, shiny|77/100
|move|p1a: Zapdos|Volt Switch|p2a: Cresselia
|-damage|p2a: Cresselia|59/100
|
|t:|1743281828
|switch|p1a: Gliscor|Gliscor, M|100/100 tox|[from] Volt Switch
|
|-heal|p2a: Cresselia|65/100|[from] item: Leftovers
|upkeep
|turn|52
|
|t:|1743281843
|switch|p2a: Skarmory|Skarmory, F, shiny|64/100
|move|p1a: Gliscor|Knock Off|p2a: Skarmory
|-damage|p2a: Skarmory|56/100
|
|upkeep
|turn|53
|
|t:|1743281847
|move|p1a: Gliscor|Defog|p2a: Skarmory
|-unboost|p2a: Skarmory|evasion|1
|-sideend|p1: habibifree|Spikes|[from] move: Defog|[of] p1a: Gliscor
|move|p2a: Skarmory|Roost|p2a: Skarmory
|-heal|p2a: Skarmory|100/100
|-singleturn|p2a: Skarmory|move: Roost
|
|upkeep
|turn|54
|
|t:|1743281850
|switch|p1a: Zapdos|Zapdos|100/100
|move|p2a: Skarmory|Spikes|p1a: Zapdos
|-sidestart|p1: habibifree|Spikes
|
|upkeep
|turn|55
|
|t:|1743281870
|switch|p2a: Chansey|Chansey, F, shiny|79/100
|move|p1a: Zapdos|Volt Switch|p2a: Chansey
|-damage|p2a: Chansey|69/100
|
|t:|1743281877
|switch|p1a: Chansey|Chansey, F|83/100|[from] Volt Switch
|-damage|p1a: Chansey|71/100|[from] Spikes
|
|upkeep
|turn|56
|
|t:|1743281886
|move|p2a: Chansey|Stealth Rock|p1a: Chansey
|-sidestart|p1: habibifree|move: Stealth Rock
|move|p1a: Chansey|Stealth Rock|p2a: Chansey
|-sidestart|p2: SMLT 1NMZ S Norton|move: Stealth Rock
|
|upkeep
|turn|57
|
|t:|1743281890
|move|p2a: Chansey|Soft-Boiled|p2a: Chansey
|-heal|p2a: Chansey|100/100
|move|p1a: Chansey|Soft-Boiled|p1a: Chansey
|-heal|p1a: Chansey|100/100
|
|upkeep
|turn|58
|
|t:|1743281903
|switch|p2a: Starmie|Starmie, shiny|100/100
|-damage|p2a: Starmie|88/100|[from] Stealth Rock
|move|p1a: Chansey|Toxic|p2a: Starmie
|-status|p2a: Starmie|tox
|
|-heal|p2a: Starmie|94/100 tox|[from] item: Leftovers
|-damage|p2a: Starmie|88/100 tox|[from] psn
|upkeep
|turn|59
|
|t:|1743281910
|-curestatus|p2a: Starmie|tox|[from] ability: Natural Cure
|switch|p2a: Skarmory|Skarmory, F, shiny|100/100
|-damage|p2a: Skarmory|88/100|[from] Stealth Rock
|move|p1a: Chansey|Stealth Rock||[still]
|-fail|p1a: Chansey
|
|upkeep
|turn|60
|
|t:|1743281916
|move|p1a: Chansey|Seismic Toss|p2a: Skarmory
|-damage|p2a: Skarmory|58/100
|move|p2a: Skarmory|Whirlwind|p1a: Chansey
|drag|p1a: Magearna|Magearna|100/100
|-damage|p1a: Magearna|88/100|[from] Spikes
|-damage|p1a: Magearna|82/100|[from] Stealth Rock
|
|upkeep
|turn|61
|
|t:|1743281924
|switch|p2a: Cresselia|Cresselia, F, shiny|65/100
|-damage|p2a: Cresselia|52/100|[from] Stealth Rock
|move|p1a: Magearna|Calm Mind|p1a: Magearna
|-boost|p1a: Magearna|spa|1
|-boost|p1a: Magearna|spd|1
|
|-heal|p2a: Cresselia|59/100|[from] item: Leftovers
|upkeep
|turn|62
|
|t:|1743281935
|switch|p2a: Chansey|Chansey, F, shiny|100/100
|-damage|p2a: Chansey|88/100|[from] Stealth Rock
|move|p1a: Magearna|Calm Mind|p1a: Magearna
|-boost|p1a: Magearna|spa|1
|-boost|p1a: Magearna|spd|1
|
|upkeep
|turn|63
|
|t:|1743281943
|switch|p2a: Starmie|Starmie, shiny|88/100
|-damage|p2a: Starmie|76/100|[from] Stealth Rock
|move|p1a: Magearna|Calm Mind|p1a: Magearna
|-boost|p1a: Magearna|spa|1
|-boost|p1a: Magearna|spd|1
|
|-heal|p2a: Starmie|82/100|[from] item: Leftovers
|upkeep
|turn|64
|
|t:|1743281946
|move|p2a: Starmie|Thunder Wave|p1a: Magearna
|-status|p1a: Magearna|par
|move|p1a: Magearna|Thunderbolt|p2a: Starmie
|-supereffective|p2a: Starmie
|-damage|p2a: Starmie|0 fnt
|faint|p2a: Starmie
|-ability|p1a: Magearna|Soul-Heart|boost
|-boost|p1a: Magearna|spa|1
|
|upkeep
|
|t:|1743281950
|switch|p2a: Cresselia|Cresselia, F, shiny|59/100
|-damage|p2a: Cresselia|46/100|[from] Stealth Rock
|turn|65
|
|t:|1743281955
|move|p2a: Cresselia|Calm Mind|p2a: Cresselia
|-boost|p2a: Cresselia|spa|1
|-boost|p2a: Cresselia|spd|1
|-zpower|p1a: Magearna
|move|p1a: Magearna|Twinkle Tackle|p2a: Cresselia|[zeffect]
|-damage|p2a: Cresselia|0 fnt
|faint|p2a: Cresselia
|-ability|p1a: Magearna|Soul-Heart|boost
|-boost|p1a: Magearna|spa|1
|
|upkeep
|-message|SMLT 1NMZ S Norton forfeited.
|
|win|habibifree
|raw|habibifree's rating: 1562 &rarr; <strong>1589</strong><br />(+27 for winning)
|raw|SMLT 1NMZ S Norton's rating: 1684 &rarr; <strong>1657</strong><br />(-27 for losing)
|l|☆SMLT 1NMZ S Norton
|player|p2|
