|inactive|Battle timer is ON: inactive players will automatically lose when time's up.
|t:|1654456947
|gametype|singles
|player|p1|starmaster|#ssdivserpents|
|player|p2|Empo|#empo|
|teamsize|p1|6
|teamsize|p2|6
|gen|6
|tier|[Gen 6] OU
|rule|Sleep Clause Mod: Limit one foe put to sleep
|rule|Species Clause: Limit one of each Pokémon
|rule|OHKO Clause: OHKO moves are banned
|rule|Moody Clause: Moody is banned
|rule|Evasion Moves Clause: Evasion moves are banned
|rule|Endless Battle Clause: Forcing endless battles is banned
|rule|HP Percentage Mod: HP is shown in percentages
|rule|Swagger Clause: Swagger is banned
|clearpoke
|poke|p1|Lopunny, F|item
|poke|p1|Clefable, F|item
|poke|p1|Ferrothorn, M|item
|poke|p1|Gliscor, M|item
|poke|p1|Slowbro, M|item
|poke|p1|Heatran, F|item
|poke|p2|Victini|item
|poke|p2|Scizor, M|item
|poke|p2|Garchomp, F|item
|poke|p2|Thundurus, M|item
|poke|p2|Kyurem-Black|item
|poke|p2|Keldeo|item
|teampreview
|raw|<div class="broadcast-red"><strong>Moderated chat was set to ☆!</strong><br />Only users of rank ☆ and higher can talk.</div>
|c|☆Empo|hf
|c|☆starmaster|u2
|inactive|starmaster has 270 seconds left.
|inactive|Empo has 270 seconds left.
|inactive|Empo has 240 seconds left.
|inactive|Empo has 210 seconds left.
|
|t:|1654457052
|start
|switch|p1a: Lopunny|Lopunny, F|271/271
|switch|p2a: Victini|Victini|341/341
|turn|1
|
|t:|1654457058
|switch|p2a: Scizor|Scizor, M, shiny|343/343
|detailschange|p1a: Lopunny|Lopunny-Mega, F
|-mega|p1a: Lopunny|Lopunny|Lopunnite
|move|p1a: Lopunny|Fake Out|p2a: Scizor
|-resisted|p2a: Scizor
|-damage|p2a: Scizor|314/343
|
|upkeep
|turn|2
|inactive|Empo has 270 seconds left.
|
|t:|1654457089
|detailschange|p2a: Scizor|Scizor-Mega, M, shiny
|-mega|p2a: Scizor|Scizor|Scizorite
|move|p1a: Lopunny|High Jump Kick|p2a: Scizor
|-damage|p2a: Scizor|151/343
|move|p2a: Scizor|U-turn|p1a: Lopunny
|-resisted|p1a: Lopunny
|-damage|p1a: Lopunny|211/271
|
|t:|1654457106
|switch|p2a: Keldeo|Keldeo|323/323
|
|upkeep
|turn|3
|
|t:|1654457125
|switch|p1a: Ferrothorn|Ferrothorn, M|352/352
|move|p2a: Keldeo|Scald|p1a: Ferrothorn
|-resisted|p1a: Ferrothorn
|-damage|p1a: Ferrothorn|274/352
|
|-heal|p1a: Ferrothorn|296/352|[from] item: Leftovers
|upkeep
|turn|4
|inactive|starmaster has 270 seconds left.
|inactive|Empo has 240 seconds left.
|inactive|Empo has 210 seconds left.
|inactive|Empo has 180 seconds left.
|
|t:|1654457224
|move|p2a: Keldeo|Scald|p1a: Ferrothorn
|-resisted|p1a: Ferrothorn
|-damage|p1a: Ferrothorn|206/352
|move|p1a: Ferrothorn|Spikes|p2a: Keldeo
|-sidestart|p2: Empo|Spikes
|
|-heal|p1a: Ferrothorn|228/352|[from] item: Leftovers
|upkeep
|turn|5
|inactive|Empo has 150 seconds left.
|
|t:|1654457272
|switch|p2a: Thundurus|Thundurus, M, shiny|299/299
|move|p1a: Ferrothorn|Thunder Wave|p2a: Thundurus
|-immune|p2a: Thundurus
|
|-heal|p1a: Ferrothorn|250/352|[from] item: Leftovers
|upkeep
|turn|6
|inactive|Empo has 120 seconds left.
|inactive|starmaster has 270 seconds left.
|
|t:|1654457301
|move|p2a: Thundurus|Focus Blast|p1a: Ferrothorn
|-supereffective|p1a: Ferrothorn
|-damage|p1a: Ferrothorn|64/352
|move|p1a: Ferrothorn|Knock Off|p2a: Thundurus
|-damage|p2a: Thundurus|200/299
|-enditem|p2a: Thundurus|Leftovers|[from] move: Knock Off|[of] p1a: Ferrothorn
|
|-heal|p1a: Ferrothorn|86/352|[from] item: Leftovers
|upkeep
|turn|7
|inactive|starmaster has 270 seconds left.
|inactive|Empo has 90 seconds left.
|
|t:|1654457334
|move|p2a: Thundurus|Focus Blast|p1a: Ferrothorn|[miss]
|-miss|p2a: Thundurus|p1a: Ferrothorn
|move|p1a: Ferrothorn|Spikes|p2a: Thundurus
|-sidestart|p2: Empo|Spikes
|
|-heal|p1a: Ferrothorn|108/352|[from] item: Leftovers
|upkeep
|turn|8
|inactive|Empo has 90 seconds left.
|
|t:|1654457363
|move|p2a: Thundurus|Volt Switch|p1a: Ferrothorn
|-resisted|p1a: Ferrothorn
|-crit|p1a: Ferrothorn
|-damage|p1a: Ferrothorn|36/352
|
|t:|1654457366
|switch|p2a: Scizor|Scizor-Mega, M, shiny|151/343
|-damage|p2a: Scizor|94/343|[from] Spikes
|move|p1a: Ferrothorn|Spikes|p2a: Scizor
|-sidestart|p2: Empo|Spikes
|
|-heal|p1a: Ferrothorn|58/352|[from] item: Leftovers
|upkeep
|turn|9
|
|t:|1654457368
|move|p2a: Scizor|Defog|p1a: Ferrothorn
|-unboost|p1a: Ferrothorn|evasion|1
|-sideend|p2: Empo|Spikes|[from] move: Defog|[of] p2a: Scizor
|move|p1a: Ferrothorn|Thunder Wave|p2a: Scizor
|-status|p2a: Scizor|par
|
|-heal|p1a: Ferrothorn|80/352|[from] item: Leftovers
|upkeep
|turn|10
|
|t:|1654457371
|move|p1a: Ferrothorn|Spikes|p2a: Scizor
|-sidestart|p2: Empo|Spikes
|move|p2a: Scizor|Roost|p2a: Scizor
|-heal|p2a: Scizor|266/343 par
|-singleturn|p2a: Scizor|move: Roost
|
|-heal|p1a: Ferrothorn|102/352|[from] item: Leftovers
|upkeep
|turn|11
|
|t:|1654457376
|move|p1a: Ferrothorn|Spikes|p2a: Scizor
|-sidestart|p2: Empo|Spikes
|move|p2a: Scizor|U-turn|p1a: Ferrothorn
|-damage|p1a: Ferrothorn|17/352
|-damage|p2a: Scizor|224/343 par|[from] ability: Iron Barbs|[of] p1a: Ferrothorn
|
|t:|1654457388
|switch|p2a: Thundurus|Thundurus, M, shiny|200/299
|
|-heal|p1a: Ferrothorn|39/352|[from] item: Leftovers
|upkeep
|turn|12
|
|t:|1654457397
|move|p2a: Thundurus|Volt Switch|p1a: Ferrothorn
|-resisted|p1a: Ferrothorn
|-damage|p1a: Ferrothorn|0 fnt
|faint|p1a: Ferrothorn
|inactive|Empo has 120 seconds left.
|
|t:|1654457410
|switch|p2a: Victini|Victini|341/341
|-damage|p2a: Victini|285/341|[from] Spikes
|
|upkeep
|
|t:|1654457422
|switch|p1a: Lopunny|Lopunny-Mega, F|211/271
|turn|13
|
|t:|1654457426
|move|p1a: Lopunny|Fake Out|p2a: Victini
|-damage|p2a: Victini|207/341
|cant|p2a: Victini|flinch
|
|upkeep
|turn|14
|inactive|Empo has 120 seconds left.
|
|t:|1654457471
|switch|p1a: Heatran|Heatran, F|386/386
|move|p2a: Victini|Bolt Strike|p1a: Heatran
|-damage|p1a: Heatran|180/386
|
|-heal|p1a: Heatran|204/386|[from] item: Leftovers
|upkeep
|turn|15
|inactive|starmaster has 270 seconds left.
|inactive|Empo has 90 seconds left.
|
|t:|1654457508
|move|p2a: Victini|Bolt Strike|p1a: Heatran|[miss]
|-miss|p2a: Victini|p1a: Heatran
|move|p1a: Heatran|Stealth Rock|p2a: Victini
|-sidestart|p2: Empo|move: Stealth Rock
|
|-heal|p1a: Heatran|228/386|[from] item: Leftovers
|upkeep
|turn|16
|inactive|Empo has 60 seconds left.
|
|t:|1654457544
|move|p1a: Heatran|Protect|p1a: Heatran
|-singleturn|p1a: Heatran|Protect
|move|p2a: Victini|Bolt Strike|p1a: Heatran
|-activate|p1a: Heatran|move: Protect
|
|-heal|p1a: Heatran|252/386|[from] item: Leftovers
|upkeep
|turn|17
|inactive|Empo has 30 seconds left.
|
|t:|1654457576
|switch|p1a: Gliscor|Gliscor, M|353/353
|move|p2a: Victini|Bolt Strike|p1a: Gliscor
|-immune|p1a: Gliscor
|
|-status|p1a: Gliscor|tox|[from] item: Toxic Orb
|upkeep
|turn|18
|
|t:|1654457582
|switch|p2a: Scizor|Scizor-Mega, M, shiny|224/343 par
|-damage|p2a: Scizor|167/343 par|[from] Spikes
|-damage|p2a: Scizor|125/343 par|[from] Stealth Rock
|move|p1a: Gliscor|Knock Off|p2a: Scizor
|-damage|p2a: Scizor|95/343 par
|
|upkeep
|turn|19
|inactive|Empo has 30 seconds left.
|
|t:|1654457599
|move|p1a: Gliscor|Taunt|p2a: Scizor
|-start|p2a: Scizor|move: Taunt
|cant|p2a: Scizor|move: Taunt|Defog
|
|upkeep
|turn|20
|inactive|starmaster has 270 seconds left.
|
|t:|1654457632
|move|p1a: Gliscor|Knock Off|p2a: Scizor
|-damage|p2a: Scizor|69/343 par
|cant|p2a: Scizor|par
|
|upkeep
|turn|21
|
|t:|1654457636
|move|p1a: Gliscor|Earthquake|p2a: Scizor
|-damage|p2a: Scizor|6/343 par
|move|p2a: Scizor|U-turn|p1a: Gliscor
|-resisted|p1a: Gliscor
|-damage|p1a: Gliscor|305/353 tox
|
|t:|1654457654
|switch|p2a: Garchomp|Garchomp, F, shiny|357/357
|-damage|p2a: Garchomp|298/357|[from] Spikes
|-damage|p2a: Garchomp|276/357|[from] Stealth Rock
|
|-heal|p1a: Gliscor|349/353 tox|[from] ability: Poison Heal
|upkeep
|turn|22
|
|t:|1654457658
|switch|p1a: Slowbro|Slowbro, M|394/394
|move|p2a: Garchomp|Stealth Rock|p1a: Slowbro
|-sidestart|p1: starmaster|move: Stealth Rock
|
|upkeep
|turn|23
|inactive|Empo has 30 seconds left.
|
|t:|1654457683
|move|p2a: Garchomp|Swords Dance|p2a: Garchomp
|-boost|p2a: Garchomp|atk|2
|move|p1a: Slowbro|Ice Beam|p2a: Garchomp
|-supereffective|p2a: Garchomp
|-damage|p2a: Garchomp|0 fnt
|faint|p2a: Garchomp
|
|upkeep
|inactive|Empo has 30 seconds left.
|
|t:|1654457690
|switch|p2a: Thundurus|Thundurus, M, shiny|200/299
|-damage|p2a: Thundurus|126/299|[from] Stealth Rock
|turn|24
|inactive|starmaster has 270 seconds left.
|
|t:|1654457717
|move|p2a: Thundurus|Volt Switch|p1a: Slowbro
|-supereffective|p1a: Slowbro
|-damage|p1a: Slowbro|116/394
|
|t:|1654457720
|switch|p2a: Keldeo|Keldeo|323/323
|-damage|p2a: Keldeo|270/323|[from] Spikes
|-damage|p2a: Keldeo|250/323|[from] Stealth Rock
|move|p1a: Slowbro|Ice Beam|p2a: Keldeo
|-resisted|p2a: Keldeo
|-damage|p2a: Keldeo|210/323
|
|-heal|p1a: Slowbro|140/394|[from] item: Leftovers
|upkeep
|turn|25
|inactive|starmaster has 270 seconds left.
|
|t:|1654457746
|switch|p1a: Heatran|Heatran, F|252/386
|-damage|p1a: Heatran|204/386|[from] Stealth Rock
|move|p2a: Keldeo|Hydro Pump|p1a: Heatran|[miss]
|-miss|p2a: Keldeo|p1a: Heatran
|
|-heal|p1a: Heatran|228/386|[from] item: Leftovers
|upkeep
|turn|26
|
|t:|1654457749
|move|p1a: Heatran|Protect|p1a: Heatran
|-singleturn|p1a: Heatran|Protect
|move|p2a: Keldeo|Hydro Pump|p1a: Heatran
|-activate|p1a: Heatran|move: Protect
|
|-heal|p1a: Heatran|252/386|[from] item: Leftovers
|upkeep
|turn|27
|
|t:|1654457751
|move|p2a: Keldeo|Hydro Pump|p1a: Heatran
|-supereffective|p1a: Heatran
|-damage|p1a: Heatran|0 fnt
|faint|p1a: Heatran
|
|upkeep
|
|t:|1654457765
|switch|p1a: Lopunny|Lopunny-Mega, F|211/271
|-damage|p1a: Lopunny|195/271|[from] Stealth Rock
|turn|28
|
|t:|1654457792
|switch|p2a: Scizor|Scizor-Mega, M, shiny|6/343 par
|-damage|p2a: Scizor|0 fnt|[from] Spikes
|faint|p2a: Scizor
|move|p1a: Lopunny|Fake Out|p2: Scizor|[notarget]
|-fail|p1a: Lopunny
|
|upkeep
|
|t:|1654457796
|switch|p2a: Thundurus|Thundurus, M, shiny|126/299
|-damage|p2a: Thundurus|52/299|[from] Stealth Rock
|turn|29
|
|t:|1654457800
|move|p1a: Lopunny|Quick Attack|p2a: Thundurus
|-crit|p2a: Thundurus
|-damage|p2a: Thundurus|0 fnt
|faint|p2a: Thundurus
|
|upkeep
|c|☆Empo|gg
|-message|Empo forfeited.
|
|win|starmaster

