|inactive|Battle timer is ON: inactive players will automatically lose when time's up.
|t:|1608497649
|player|p1|SOULWIND|iris-gen5bw2|
|player|p2|Empo|swimmer-gen4dp|
|teamsize|p1|6
|teamsize|p2|6
|gametype|singles
|gen|8
|tier|[Gen 8] OU
|clearpoke
|poke|p1|Garchomp, F|
|poke|p1|Regieleki|
|poke|p1|Hydreigon, F|
|poke|p1|Magearna|
|poke|p1|Spectrier|
|poke|p1|Rillaboom, F|
|poke|p2|Pheromosa|
|poke|p2|Hippowdon, M|
|poke|p2|Clefable, F|
|poke|p2|Skarmory, F|
|poke|p2|Reuniclus, F|
|poke|p2|Toxapex, F|
|rule|Sleep Clause Mod: Limit one foe put to sleep
|rule|Species Clause: Limit one of each Pokémon
|rule|OHKO Clause: OHKO moves are banned
|rule|Evasion Moves Clause: Evasion moves are banned
|rule|Endless Battle Clause: Forcing endless battles is banned
|rule|HP Percentage Mod: HP is shown in percentages
|rule|Dynamax Clause: You cannot dynamax
|teampreview
|raw|<div class="broadcast-red"><strong>Moderated chat was set to ☆!</strong><br />Only users of rank ☆ and higher can talk.</div>
|c|☆Empo|hf
|c|☆SOULWIND|hf
|inactive|SOULWIND has 270 seconds left.
|inactive|Empo has 270 seconds left.
|inactive|SOULWIND has 240 seconds left.
|inactive|Empo has 240 seconds left.
|inactive|SOULWIND has 210 seconds left.
|inactive|SOULWIND has 180 seconds left.
|inactive|SOULWIND has 150 seconds left.
|
|t:|1608497815
|start
|switch|p1a: Spectrier|Spectrier|341/341
|switch|p2a: dons meetup|Hippowdon, M|419/419
|-weather|Sandstorm|[from] ability: Sand Stream|[of] p2a: dons meetup
|turn|1
|inactive|Empo has 270 seconds left.
|
|t:|1608497839
|switch|p1a: Rillaboom|Rillaboom, F|341/341
|-fieldstart|move: Grassy Terrain|[from] ability: Grassy Surge|[of] p1a: Rillaboom
|move|p2a: dons meetup|Toxic|p1a: Rillaboom
|-status|p1a: Rillaboom|tox
|
|-weather|Sandstorm|[upkeep]
|-damage|p1a: Rillaboom|320/341 tox|[from] Sandstorm
|-heal|p1a: Rillaboom|341/341 tox|[from] Grassy Terrain
|-damage|p1a: Rillaboom|320/341 tox|[from] psn
|upkeep
|turn|2
|inactive|Empo has 270 seconds left.
|inactive|Empo has 240 seconds left.
|
|t:|1608497890
|switch|p2a: Willkommen|Skarmory, F|333/333
|move|p1a: Rillaboom|Swords Dance|p1a: Rillaboom
|-boost|p1a: Rillaboom|atk|2
|
|-weather|Sandstorm|[upkeep]
|-damage|p1a: Rillaboom|299/341 tox|[from] Sandstorm
|-heal|p1a: Rillaboom|320/341 tox|[from] Grassy Terrain
|-damage|p1a: Rillaboom|278/341 tox|[from] psn
|upkeep
|turn|3
|inactive|Empo has 210 seconds left.
|
|t:|1608497921
|move|p1a: Rillaboom|Knock Off|p2a: Willkommen
|-damage|p2a: Willkommen|180/333
|-damage|p1a: Rillaboom|222/341 tox|[from] item: Rocky Helmet|[of] p2a: Willkommen
|-enditem|p2a: Willkommen|Rocky Helmet|[from] move: Knock Off|[of] p1a: Rillaboom
|-damage|p1a: Rillaboom|188/341 tox|[from] item: Life Orb
|move|p2a: Willkommen|Iron Defense|p2a: Willkommen
|-boost|p2a: Willkommen|def|2
|
|-weather|Sandstorm|[upkeep]
|-damage|p1a: Rillaboom|167/341 tox|[from] Sandstorm
|-heal|p1a: Rillaboom|188/341 tox|[from] Grassy Terrain
|-damage|p1a: Rillaboom|125/341 tox|[from] psn
|upkeep
|turn|4
|
|t:|1608497929
|switch|p1a: Spectrier|Spectrier|341/341
|move|p2a: Willkommen|Spikes|p1a: Spectrier
|-sidestart|p1: SOULWIND|Spikes
|
|-weather|Sandstorm|[upkeep]
|-damage|p1a: Spectrier|320/341|[from] Sandstorm
|-heal|p1a: Spectrier|341/341|[from] item: Leftovers
|upkeep
|turn|5
|inactive|Empo has 210 seconds left.
|
|t:|1608497974
|switch|p2a: Houston|Clefable, F|394/394
|move|p1a: Spectrier|Nasty Plot|p1a: Spectrier
|-boost|p1a: Spectrier|spa|2
|
|-weather|none
|-fieldend|move: Grassy Terrain
|upkeep
|turn|6
|
|t:|1608497989
|move|p1a: Spectrier|Shadow Ball|p2a: Houston
|-damage|p2a: Houston|69/394
|-unboost|p2a: Houston|spd|1
|move|p2a: Houston|Moonblast|p1a: Spectrier
|-damage|p1a: Spectrier|217/341
|-unboost|p1a: Spectrier|spa|1
|
|-heal|p1a: Spectrier|238/341|[from] item: Leftovers
|-heal|p2a: Houston|93/394|[from] item: Leftovers
|upkeep
|turn|7
|inactive|SOULWIND has 240 seconds left.
|
|t:|1608498016
|switch|p2a: beamer kid|Toxapex, F|304/304
|move|p1a: Spectrier|Shadow Ball|p2a: beamer kid
|-damage|p2a: beamer kid|162/304
|
|-heal|p1a: Spectrier|259/341|[from] item: Leftovers
|-heal|p2a: beamer kid|181/304|[from] item: Black Sludge
|upkeep
|turn|8
|inactive|SOULWIND has 240 seconds left.
|
|t:|1608498021
|move|p1a: Spectrier|Shadow Ball|p2a: beamer kid
|-damage|p2a: beamer kid|45/304
|move|p2a: beamer kid|Knock Off|p1a: Spectrier
|-supereffective|p1a: Spectrier
|-damage|p1a: Spectrier|95/341
|-enditem|p1a: Spectrier|Leftovers|[from] move: Knock Off|[of] p2a: beamer kid
|
|-heal|p2a: beamer kid|64/304|[from] item: Black Sludge
|upkeep
|turn|9
|inactive|Empo has 210 seconds left.
|inactive|Empo has 180 seconds left.
|inactive|Empo has 150 seconds left.
|inactive|Empo has 120 seconds left.
|
|t:|1608498125
|switch|p2a: Houston|Clefable, F|93/394
|move|p1a: Spectrier|Shadow Ball|p2a: Houston
|-damage|p2a: Houston|0 fnt
|faint|p2a: Houston
|-ability|p1a: Spectrier|Grim Neigh|boost
|-boost|p1a: Spectrier|spa|1
|
|upkeep
|
|t:|1608498127
|switch|p2a: GOJOU|Pheromosa|283/283
|turn|10
|inactive|Empo has 120 seconds left.
|
|t:|1608498147
|move|p2a: GOJOU|Ice Beam|p1a: Spectrier
|-damage|p1a: Spectrier|0 fnt
|faint|p1a: Spectrier
|-ability|p2a: GOJOU|Beast Boost|boost
|-boost|p2a: GOJOU|spe|1
|
|upkeep
|
|t:|1608498161
|switch|p1a: Magearna|Magearna|357/357
|-damage|p1a: Magearna|313/357|[from] Spikes
|turn|11
|inactive|Empo has 120 seconds left.
|inactive|SOULWIND has 240 seconds left.
|
|t:|1608498218
|move|p2a: GOJOU|U-turn|p1a: Magearna
|-resisted|p1a: Magearna
|-damage|p1a: Magearna|284/357
|
|t:|1608498225
|switch|p2a: beamer kid|Toxapex, F|165/304
|move|p1a: Magearna|Draining Kiss|p2a: beamer kid
|-resisted|p2a: beamer kid
|-damage|p2a: beamer kid|141/304
|-heal|p1a: Magearna|302/357|[from] drain|[of] p2a: beamer kid
|
|-heal|p2a: beamer kid|160/304|[from] item: Black Sludge
|upkeep
|turn|12
|inactive|Empo has 90 seconds left.
|
|t:|1608498245
|move|p1a: Magearna|Calm Mind|p1a: Magearna
|-boost|p1a: Magearna|spa|1
|-boost|p1a: Magearna|spd|1
|move|p2a: beamer kid|Knock Off|p1a: Magearna
|-resisted|p1a: Magearna
|-damage|p1a: Magearna|281/357
|-enditem|p1a: Magearna|Weakness Policy|[from] move: Knock Off|[of] p2a: beamer kid
|
|-heal|p2a: beamer kid|179/304|[from] item: Black Sludge
|upkeep
|turn|13
|
|t:|1608498248
|move|p1a: Magearna|Stored Power|p2a: beamer kid
|-supereffective|p2a: beamer kid
|-damage|p2a: beamer kid|65/304
|move|p2a: beamer kid|Haze|p2a: beamer kid
|-clearallboost
|
|-heal|p2a: beamer kid|84/304|[from] item: Black Sludge
|upkeep
|turn|14
|
|t:|1608498252
|switch|p1a: Hydreigon|Hydreigon, F|325/325
|move|p2a: beamer kid|Recover|p2a: beamer kid
|-heal|p2a: beamer kid|236/304
|
|-heal|p2a: beamer kid|255/304|[from] item: Black Sludge
|upkeep
|turn|15
|
|t:|1608498277
|switch|p2a: GOJOU|Pheromosa|283/283
|move|p1a: Hydreigon|Substitute|p1a: Hydreigon
|-start|p1a: Hydreigon|Substitute
|-damage|p1a: Hydreigon|244/325
|
|-heal|p1a: Hydreigon|264/325|[from] item: Leftovers
|upkeep
|turn|16
|inactive|SOULWIND has 270 seconds left.
|inactive|Empo has 90 seconds left.
|
|t:|1608498322
|move|p2a: GOJOU|Triple Axel|p1a: Hydreigon
|-supereffective|p1a: Hydreigon
|-activate|p1a: Hydreigon|move: Substitute|[damage]
|-supereffective|p1a: Hydreigon
|-end|p1a: Hydreigon|Substitute
|-supereffective|p1a: Hydreigon
|-damage|p1a: Hydreigon|96/325
|-hitcount|p1a: Hydreigon|3
|move|p1a: Hydreigon|Dark Pulse|p2a: GOJOU
|-resisted|p2a: GOJOU
|-damage|p2a: GOJOU|111/283
|
|-heal|p1a: Hydreigon|116/325|[from] item: Leftovers
|upkeep
|turn|17
|inactive|SOULWIND has 240 seconds left.
|inactive|Empo has 60 seconds left.
|inactive|SOULWIND has 210 seconds left.
|inactive|SOULWIND has 180 seconds left.
|inactive|SOULWIND has 150 seconds left.
|inactive|SOULWIND has 120 seconds left.
|inactive|SOULWIND has 90 seconds left.
|inactive|SOULWIND has 60 seconds left.
|
|t:|1608498524
|switch|p1a: Regieleki|Regieleki|363/363
|-damage|p1a: Regieleki|318/363|[from] Spikes
|move|p2a: GOJOU|Close Combat|p1a: Regieleki
|-damage|p1a: Regieleki|0 fnt
|-unboost|p2a: GOJOU|def|1
|-unboost|p2a: GOJOU|spd|1
|faint|p1a: Regieleki
|-ability|p2a: GOJOU|Beast Boost|boost
|-boost|p2a: GOJOU|spe|1
|
|upkeep
|
|t:|1608498528
|switch|p1a: Rillaboom|Rillaboom, F|125/341 tox
|-damage|p1a: Rillaboom|83/341 tox|[from] Spikes
|-fieldstart|move: Grassy Terrain|[from] ability: Grassy Surge|[of] p1a: Rillaboom
|turn|18
|inactive|Empo has 60 seconds left.
|
|t:|1608498567
|move|p2a: GOJOU|U-turn|p1a: Rillaboom
|-supereffective|p1a: Rillaboom
|-damage|p1a: Rillaboom|0 fnt
|faint|p1a: Rillaboom
|-ability|p2a: GOJOU|Beast Boost|boost
|-boost|p2a: GOJOU|spe|1
|
|t:|1608498575
|switch|p2a: beamer kid|Toxapex, F|304/304
|
|upkeep
|
|t:|1608498581
|switch|p1a: Garchomp|Garchomp, F|357/357
|-damage|p1a: Garchomp|313/357|[from] Spikes
|turn|19
|
|t:|1608498585
|switch|p2a: Willkommen|Skarmory, F|180/333
|move|p1a: Garchomp|Swords Dance|p1a: Garchomp
|-boost|p1a: Garchomp|atk|2
|
|-heal|p1a: Garchomp|335/357|[from] Grassy Terrain
|upkeep
|turn|20
|inactive|SOULWIND has 90 seconds left.
|
|t:|1608498591
|move|p1a: Garchomp|Stealth Rock|p2a: Willkommen
|-sidestart|p2: Empo|move: Stealth Rock
|move|p2a: Willkommen|Roost|p2a: Willkommen
|-heal|p2a: Willkommen|333/333
|-singleturn|p2a: Willkommen|move: Roost
|
|-heal|p1a: Garchomp|357/357|[from] Grassy Terrain
|upkeep
|turn|21
|
|t:|1608498594
|switch|p1a: Magearna|Magearna|281/357
|-damage|p1a: Magearna|237/357|[from] Spikes
|move|p2a: Willkommen|Iron Defense|p2a: Willkommen
|-boost|p2a: Willkommen|def|2
|
|-heal|p1a: Magearna|259/357|[from] Grassy Terrain
|upkeep
|turn|22
|
|t:|1608498598
|move|p1a: Magearna|Calm Mind|p1a: Magearna
|-boost|p1a: Magearna|spa|1
|-boost|p1a: Magearna|spd|1
|move|p2a: Willkommen|Body Press|p1a: Magearna
|-damage|p1a: Magearna|54/357
|
|-heal|p1a: Magearna|76/357|[from] Grassy Terrain
|-fieldend|move: Grassy Terrain
|upkeep
|turn|23
|
|t:|1608498601
|move|p1a: Magearna|Aura Sphere|p2a: Willkommen
|-damage|p2a: Willkommen|155/333
|move|p2a: Willkommen|Body Press|p1a: Magearna
|-damage|p1a: Magearna|0 fnt
|faint|p1a: Magearna
|
|upkeep
|inactive|SOULWIND has 120 seconds left.
|
|t:|1608498635
|switch|p1a: Hydreigon|Hydreigon, F|116/325
|turn|24
|
|t:|1608498650
|switch|p2a: beamer kid|Toxapex, F|304/304
|-damage|p2a: beamer kid|266/304|[from] Stealth Rock
|move|p1a: Hydreigon|Dark Pulse|p2a: beamer kid
|-damage|p2a: beamer kid|187/304
|
|-heal|p1a: Hydreigon|136/325|[from] item: Leftovers
|-heal|p2a: beamer kid|206/304|[from] item: Black Sludge
|upkeep
|turn|25
|
|t:|1608498653
|move|p1a: Hydreigon|Substitute|p1a: Hydreigon
|-start|p1a: Hydreigon|Substitute
|-damage|p1a: Hydreigon|55/325
|move|p2a: beamer kid|Poison Jab|p1a: Hydreigon
|-activate|p1a: Hydreigon|move: Substitute|[damage]
|
|-heal|p1a: Hydreigon|75/325|[from] item: Leftovers
|-heal|p2a: beamer kid|225/304|[from] item: Black Sludge
|upkeep
|turn|26
|
|t:|1608498656
|move|p1a: Hydreigon|Nasty Plot|p1a: Hydreigon
|-boost|p1a: Hydreigon|spa|2
|move|p2a: beamer kid|Poison Jab|p1a: Hydreigon
|-end|p1a: Hydreigon|Substitute
|
|-heal|p1a: Hydreigon|95/325|[from] item: Leftovers
|-heal|p2a: beamer kid|244/304|[from] item: Black Sludge
|upkeep
|turn|27
|
|t:|1608498667
|switch|p2a: dons meetup|Hippowdon, M|419/419
|-damage|p2a: dons meetup|393/419|[from] Stealth Rock
|-weather|Sandstorm|[from] ability: Sand Stream|[of] p2a: dons meetup
|move|p1a: Hydreigon|Dark Pulse|p2a: dons meetup
|-damage|p2a: dons meetup|137/419
|
|-weather|Sandstorm|[upkeep]
|-damage|p1a: Hydreigon|75/325|[from] Sandstorm
|-heal|p1a: Hydreigon|95/325|[from] item: Leftovers
|-heal|p2a: dons meetup|163/419|[from] item: Leftovers
|upkeep
|turn|28
|
|t:|1608498677
|switch|p1a: Garchomp|Garchomp, F|357/357
|-damage|p1a: Garchomp|313/357|[from] Spikes
|move|p2a: dons meetup|Toxic|p1a: Garchomp
|-status|p1a: Garchomp|tox
|-enditem|p1a: Garchomp|Lum Berry|[eat]
|-curestatus|p1a: Garchomp|tox|[msg]
|
|-weather|Sandstorm|[upkeep]
|-heal|p2a: dons meetup|189/419|[from] item: Leftovers
|upkeep
|turn|29
|inactive|Empo has 120 seconds left.
|
|t:|1608498698
|switch|p2a: beamer kid|Toxapex, F|304/304
|-damage|p2a: beamer kid|266/304|[from] Stealth Rock
|move|p1a: Garchomp|Swords Dance|p1a: Garchomp
|-boost|p1a: Garchomp|atk|2
|
|-weather|Sandstorm|[upkeep]
|-damage|p2a: beamer kid|247/304|[from] Sandstorm
|-heal|p2a: beamer kid|266/304|[from] item: Black Sludge
|upkeep
|turn|30
|
|t:|1608498701
|move|p1a: Garchomp|Scale Shot|p2a: beamer kid
|-damage|p2a: beamer kid|205/304
|-damage|p2a: beamer kid|141/304
|-hitcount|p2a: beamer kid|2
|-unboost|p1a: Garchomp|def|1
|-boost|p1a: Garchomp|spe|1
|move|p2a: beamer kid|Haze|p2a: beamer kid
|-clearallboost
|
|-weather|Sandstorm|[upkeep]
|-damage|p2a: beamer kid|122/304|[from] Sandstorm
|-heal|p2a: beamer kid|141/304|[from] item: Black Sludge
|upkeep
|turn|31
|
|t:|1608498707
|move|p1a: Garchomp|Swords Dance|p1a: Garchomp
|-boost|p1a: Garchomp|atk|2
|move|p2a: beamer kid|Haze|p2a: beamer kid
|-clearallboost
|
|-weather|none
|-heal|p2a: beamer kid|160/304|[from] item: Black Sludge
|upkeep
|turn|32
|
|t:|1608498710
|switch|p2a: GOJOU|Pheromosa|111/283
|move|p1a: Garchomp|Swords Dance|p1a: Garchomp
|-boost|p1a: Garchomp|atk|2
|
|upkeep
|turn|33
|
|t:|1608498712
|move|p2a: GOJOU|Ice Beam|p1a: Garchomp
|-supereffective|p1a: Garchomp
|-crit|p1a: Garchomp
|-damage|p1a: Garchomp|0 fnt
|faint|p1a: Garchomp
|-ability|p2a: GOJOU|Beast Boost|boost
|-boost|p2a: GOJOU|spe|1
|
|upkeep
|c|☆SOULWIND|ggs
|c|☆Empo|ggs
|-message|SOULWIND forfeited.
|
|win|Empo

