|inactive|Battle timer is ON: inactive players will automatically lose when time's up.
|t:|1608496180
|player|p1|SOULWIND|iris-gen5bw2|
|player|p2|Empo|swimmer-gen4dp|
|teamsize|p1|6
|teamsize|p2|6
|gametype|singles
|gen|6
|tier|[Gen 6] OU
|clearpoke
|poke|p1|Volcarona, F|item
|poke|p1|Diancie|item
|poke|p1|Tornadus-Therian, M|item
|poke|p1|Rotom-Wash|item
|poke|p1|Excadrill, M|item
|poke|p1|Clefable, M|item
|poke|p2|Metagross|item
|poke|p2|Clefable, F|item
|poke|p2|Excadrill, M|item
|poke|p2|Rotom-Wash|item
|poke|p2|Tornadus-Therian, M|item
|poke|p2|Heatran, M|item
|rule|Sleep Clause Mod: Limit one foe put to sleep
|rule|Species Clause: Limit one of each Pokémon
|rule|OHKO Clause: OHKO moves are banned
|rule|Moody Clause: Moody is banned
|rule|Evasion Moves Clause: Evasion moves are banned
|rule|Endless Battle Clause: Forcing endless battles is banned
|rule|HP Percentage Mod: HP is shown in percentages
|rule|Swagger Clause: Swagger is banned
|teampreview
|c|+a heros destiny|.
|c|+DKM|Go sw
|c|+Luispeikou|in
|raw|<div class="broadcast-red"><strong>Moderated chat was set to ☆!</strong><br />Only users of rank ☆ and higher can talk.</div>
|c|☆Empo|hf
|c|☆SOULWIND|hf
|inactive|SOULWIND has 270 seconds left.
|inactive|Empo has 270 seconds left.
|inactive|SOULWIND has 240 seconds left.
|inactive|Empo has 240 seconds left.
|c|☆SOULWIND|test
|inactive|Empo has 210 seconds left.
|
|t:|1608496286
|start
|switch|p1a: Rotom|Rotom-Wash|303/303
|switch|p2a: Northern Desert|Excadrill, M|368/368
|-ability|p2a: Northern Desert|Mold Breaker
|turn|1
|inactive|Empo has 240 seconds left.
|inactive|SOULWIND has 270 seconds left.
|inactive|Empo has 210 seconds left.
|
|t:|1608496348
|switch|p2a: The Nightmare|Clefable, F|394/394
|move|p1a: Rotom|Trick|p2a: The Nightmare
|-activate|p1a: Rotom|move: Trick|[of] p2a: The Nightmare
|-item|p2a: The Nightmare|Choice Scarf|[from] move: Trick
|-item|p1a: Rotom|Leftovers|[from] move: Trick
|
|upkeep
|turn|2
|inactive|Empo has 210 seconds left.
|inactive|SOULWIND has 240 seconds left.
|inactive|Empo has 180 seconds left.
|
|t:|1608496407
|move|p1a: Rotom|Volt Switch|p2a: The Nightmare
|-damage|p2a: The Nightmare|319/394
|inactive|SOULWIND has 240 seconds left.
|inactive|SOULWIND has 210 seconds left.
|
|t:|1608496454
|switch|p1a: Excadrill|Excadrill, M|423/423
|-ability|p1a: Excadrill|Mold Breaker
|move|p2a: The Nightmare|Stealth Rock|p1a: Excadrill
|-sidestart|p1: SOULWIND|move: Stealth Rock
|
|upkeep
|turn|3
|
|t:|1608496463
|switch|p2a: Sealed Ruin|Tornadus-Therian, M|319/319
|move|p1a: Excadrill|Rapid Spin|p2a: Sealed Ruin
|-damage|p2a: Sealed Ruin|298/319
|-sideend|p1: SOULWIND|Stealth Rock|[from] move: Rapid Spin|[of] p1a: Excadrill
|
|upkeep
|turn|4
|inactive|SOULWIND has 210 seconds left.
|
|t:|1608496475
|switch|p1a: Tornadus|Tornadus-Therian, M|361/361
|move|p2a: Sealed Ruin|U-turn|p1a: Tornadus
|-resisted|p1a: Tornadus
|-crit|p1a: Tornadus
|-damage|p1a: Tornadus|318/361
|
|t:|1608496495
|switch|p2a: Waterfall Cave|Rotom-Wash|304/304
|
|upkeep
|turn|5
|inactive|SOULWIND has 210 seconds left.
|inactive|Empo has 150 seconds left.
|
|t:|1608496522
|move|p1a: Tornadus|Knock Off|p2a: Waterfall Cave
|-damage|p2a: Waterfall Cave|258/304
|-enditem|p2a: Waterfall Cave|Leftovers|[from] move: Knock Off|[of] p1a: Tornadus
|move|p2a: Waterfall Cave|Volt Switch|p1a: Tornadus
|-supereffective|p1a: Tornadus
|-damage|p1a: Tornadus|208/361
|
|t:|1608496531
|switch|p2a: Chasm Cave|Metagross|302/302
|
|upkeep
|turn|6
|inactive|Empo has 150 seconds left.
|inactive|SOULWIND has 210 seconds left.
|
|t:|1608496557
|detailschange|p2a: Chasm Cave|Metagross-Mega
|-mega|p2a: Chasm Cave|Metagross|Metagrossite
|move|p1a: Tornadus|U-turn|p2a: Chasm Cave
|-damage|p2a: Chasm Cave|265/302
|inactive|SOULWIND has 180 seconds left.
|
|t:|1608496588
|switch|p1a: Excadrill|Excadrill, M|423/423
|-ability|p1a: Excadrill|Mold Breaker
|move|p2a: Chasm Cave|Thunder Punch|p1a: Excadrill
|-immune|p1a: Excadrill
|
|upkeep
|turn|7
|
|t:|1608496592
|switch|p1a: Volcarona|Volcarona, F|373/373
|move|p2a: Chasm Cave|Hammer Arm|p1a: Volcarona
|-resisted|p1a: Volcarona
|-damage|p1a: Volcarona|276/373
|-unboost|p2a: Chasm Cave|spe|1
|-status|p2a: Chasm Cave|brn|[from] ability: Flame Body|[of] p1a: Volcarona
|
|-heal|p1a: Volcarona|299/373|[from] item: Leftovers
|-damage|p2a: Chasm Cave|228/302 brn|[from] brn
|upkeep
|turn|8
|inactive|Empo has 150 seconds left.
|
|t:|1608496616
|switch|p1a: Tornadus|Tornadus-Therian, M|328/361
|switch|p2a: Waterfall Cave|Rotom-Wash|258/304
|
|upkeep
|turn|9
|
|t:|1608496625
|move|p1a: Tornadus|U-turn|p2a: Waterfall Cave
|-damage|p2a: Waterfall Cave|221/304
|
|t:|1608496627
|switch|p1a: Clefable|Clefable, M|393/393
|move|p2a: Waterfall Cave|Volt Switch|p1a: Clefable
|-damage|p1a: Clefable|305/393
|
|t:|1608496632
|switch|p2a: Northern Desert|Excadrill, M|368/368
|-ability|p2a: Northern Desert|Mold Breaker
|
|-heal|p1a: Clefable|329/393|[from] item: Leftovers
|upkeep
|turn|10
|
|t:|1608496640
|switch|p1a: Tornadus|Tornadus-Therian, M|361/361
|move|p2a: Northern Desert|Substitute|p2a: Northern Desert
|-start|p2a: Northern Desert|Substitute
|-damage|p2a: Northern Desert|276/368
|
|-heal|p2a: Northern Desert|299/368|[from] item: Leftovers
|upkeep
|turn|11
|inactive|SOULWIND has 210 seconds left.
|
|t:|1608496650
|move|p1a: Tornadus|Heat Wave|p2a: Northern Desert
|-supereffective|p2a: Northern Desert
|-end|p2a: Northern Desert|Substitute
|move|p2a: Northern Desert|Iron Head|p1a: Tornadus
|-crit|p1a: Tornadus
|-damage|p1a: Tornadus|148/361
|
|-heal|p2a: Northern Desert|322/368|[from] item: Leftovers
|upkeep
|turn|12
|inactive|Empo has 150 seconds left.
|
|t:|1608496694
|move|p1a: Tornadus|U-turn|p2a: Northern Desert
|-resisted|p2a: Northern Desert
|-damage|p2a: Northern Desert|298/368
|
|t:|1608496699
|switch|p1a: Volcarona|Volcarona, F|299/373
|move|p2a: Northern Desert|Iron Head|p1a: Volcarona
|-resisted|p1a: Volcarona
|-crit|p1a: Volcarona
|-damage|p1a: Volcarona|196/373
|-status|p2a: Northern Desert|brn|[from] ability: Flame Body|[of] p1a: Volcarona
|
|-heal|p1a: Volcarona|219/373|[from] item: Leftovers
|-heal|p2a: Northern Desert|321/368 brn|[from] item: Leftovers
|-damage|p2a: Northern Desert|275/368 brn|[from] brn
|upkeep
|turn|13
|inactive|Empo has 120 seconds left.
|
|t:|1608496722
|switch|p1a: Tornadus|Tornadus-Therian, M|268/361
|switch|p2a: Dark Crater|Heatran, M|341/341
|
|upkeep
|turn|14
|
|t:|1608496726
|switch|p2a: The Nightmare|Clefable, F|319/394
|move|p1a: Tornadus|U-turn|p2a: The Nightmare
|-resisted|p2a: The Nightmare
|-damage|p2a: The Nightmare|293/394
|
|t:|1608496728
|switch|p1a: Diancie|Diancie|241/241
|
|upkeep
|turn|15
|
|t:|1608496733
|detailschange|p1a: Diancie|Diancie-Mega
|-mega|p1a: Diancie|Diancie|Diancite
|move|p1a: Diancie|Moonblast|p2a: The Nightmare
|-damage|p2a: The Nightmare|128/394
|move|p2a: The Nightmare|Moonblast|p1a: Diancie
|-damage|p1a: Diancie|133/241
|
|upkeep
|turn|16
|inactive|Empo has 150 seconds left.
|
|t:|1608496738
|switch|p2a: Chasm Cave|Metagross-Mega|228/302 brn
|move|p1a: Diancie|Moonblast|p2a: Chasm Cave
|-resisted|p2a: Chasm Cave
|-damage|p2a: Chasm Cave|135/302 brn
|
|-damage|p2a: Chasm Cave|98/302 brn|[from] brn
|upkeep
|turn|17
|inactive|Empo has 150 seconds left.
|
|t:|1608496750
|switch|p2a: Waterfall Cave|Rotom-Wash|221/304
|move|p1a: Diancie|Protect||[still]
|-fail|p1a: Diancie
|
|upkeep
|turn|18
|
|t:|1608496754
|switch|p1a: Clefable|Clefable, M|329/393
|move|p2a: Waterfall Cave|Hydro Pump|p1a: Clefable|[miss]
|-miss|p2a: Waterfall Cave|p1a: Clefable
|
|-heal|p1a: Clefable|353/393|[from] item: Leftovers
|upkeep
|turn|19
|
|t:|1608496761
|move|p2a: Waterfall Cave|Hydro Pump|p1a: Clefable|[miss]
|-miss|p2a: Waterfall Cave|p1a: Clefable
|move|p1a: Clefable|Moonblast|p2a: Waterfall Cave
|-damage|p2a: Waterfall Cave|116/304
|
|-heal|p1a: Clefable|377/393|[from] item: Leftovers
|upkeep
|turn|20
|
|t:|1608496766
|move|p2a: Waterfall Cave|Pain Split|p1a: Clefable
|-sethp|p1a: Clefable|246/393|[from] move: Pain Split|[silent]
|-sethp|p2a: Waterfall Cave|246/304|[from] move: Pain Split
|move|p1a: Clefable|Moonblast|p2a: Waterfall Cave
|-damage|p2a: Waterfall Cave|152/304
|
|-heal|p1a: Clefable|270/393|[from] item: Leftovers
|upkeep
|turn|21
|
|t:|1608496769
|move|p2a: Waterfall Cave|Pain Split|p1a: Clefable
|-sethp|p1a: Clefable|211/393|[from] move: Pain Split|[silent]
|-sethp|p2a: Waterfall Cave|211/304|[from] move: Pain Split
|move|p1a: Clefable|Soft-Boiled|p1a: Clefable
|-heal|p1a: Clefable|393/393
|
|upkeep
|turn|22
|
|t:|1608496779
|move|p2a: Waterfall Cave|Hydro Pump|p1a: Clefable|[miss]
|-miss|p2a: Waterfall Cave|p1a: Clefable
|move|p1a: Clefable|Moonblast|p2a: Waterfall Cave
|-damage|p2a: Waterfall Cave|108/304
|
|upkeep
|turn|23
|inactive|Empo has 180 seconds left.
|
|t:|1608496801
|move|p2a: Waterfall Cave|Pain Split|p1a: Clefable
|-sethp|p1a: Clefable|250/393|[from] move: Pain Split|[silent]
|-sethp|p2a: Waterfall Cave|250/304|[from] move: Pain Split
|move|p1a: Clefable|Moonblast|p2a: Waterfall Cave
|-damage|p2a: Waterfall Cave|156/304
|-unboost|p2a: Waterfall Cave|spa|1
|
|-heal|p1a: Clefable|274/393|[from] item: Leftovers
|upkeep
|turn|24
|
|t:|1608496806
|move|p2a: Waterfall Cave|Pain Split|p1a: Clefable
|-sethp|p1a: Clefable|215/393|[from] move: Pain Split|[silent]
|-sethp|p2a: Waterfall Cave|215/304|[from] move: Pain Split
|move|p1a: Clefable|Moonblast|p2a: Waterfall Cave
|-damage|p2a: Waterfall Cave|121/304
|
|-heal|p1a: Clefable|239/393|[from] item: Leftovers
|upkeep
|turn|25
|
|t:|1608496811
|move|p2a: Waterfall Cave|Pain Split|p1a: Clefable
|-sethp|p1a: Clefable|180/393|[from] move: Pain Split|[silent]
|-sethp|p2a: Waterfall Cave|180/304|[from] move: Pain Split
|move|p1a: Clefable|Soft-Boiled|p1a: Clefable
|-heal|p1a: Clefable|377/393
|
|-heal|p1a: Clefable|393/393|[from] item: Leftovers
|upkeep
|turn|26
|
|t:|1608496816
|move|p2a: Waterfall Cave|Volt Switch|p1a: Clefable
|-damage|p1a: Clefable|327/393
|
|t:|1608496818
|switch|p2a: Sealed Ruin|Tornadus-Therian, M|319/319
|move|p1a: Clefable|Moonblast|p2a: Sealed Ruin
|-damage|p2a: Sealed Ruin|238/319
|
|-heal|p1a: Clefable|351/393|[from] item: Leftovers
|upkeep
|turn|27
|inactive|Empo has 210 seconds left.
|
|t:|1608496848
|move|p2a: Sealed Ruin|Knock Off|p1a: Clefable
|-resisted|p1a: Clefable
|-damage|p1a: Clefable|322/393
|-enditem|p1a: Clefable|Leftovers|[from] move: Knock Off|[of] p2a: Sealed Ruin
|move|p1a: Clefable|Thunder Wave|p2a: Sealed Ruin
|-status|p2a: Sealed Ruin|par
|
|upkeep
|turn|28
|
|t:|1608496856
|move|p1a: Clefable|Moonblast|p2a: Sealed Ruin
|-damage|p2a: Sealed Ruin|166/319 par
|-unboost|p2a: Sealed Ruin|spa|1
|move|p2a: Sealed Ruin|U-turn|p1a: Clefable
|-resisted|p1a: Clefable
|-damage|p1a: Clefable|300/393
|inactive|Empo has 180 seconds left.
|
|t:|1608496896
|switch|p2a: The Nightmare|Clefable, F|128/394
|
|upkeep
|turn|29
|
|t:|1608496901
|switch|p1a: Excadrill|Excadrill, M|423/423
|-ability|p1a: Excadrill|Mold Breaker
|move|p2a: The Nightmare|Knock Off|p1a: Excadrill
|-damage|p1a: Excadrill|333/423
|-enditem|p1a: Excadrill|Leftovers|[from] move: Knock Off|[of] p2a: The Nightmare
|
|upkeep
|turn|30
|
|t:|1608496906
|switch|p2a: Sealed Ruin|Tornadus-Therian, M|272/319 par
|move|p1a: Excadrill|Stealth Rock|p2a: Sealed Ruin
|-sidestart|p2: Empo|move: Stealth Rock
|
|upkeep
|turn|31
|
|t:|1608496914
|move|p1a: Excadrill|Iron Head|p2a: Sealed Ruin
|-damage|p2a: Sealed Ruin|139/319 par
|move|p2a: Sealed Ruin|U-turn|p1a: Excadrill
|-resisted|p1a: Excadrill
|-damage|p1a: Excadrill|299/423
|inactive|Empo has 180 seconds left.
|
|t:|1608496924
|switch|p2a: Dark Crater|Heatran, M|341/341
|-damage|p2a: Dark Crater|299/341|[from] Stealth Rock
|
|-heal|p2a: Dark Crater|320/341|[from] item: Leftovers
|upkeep
|turn|32
|
|t:|1608496928
|switch|p1a: Tornadus|Tornadus-Therian, M|361/361
|move|p2a: Dark Crater|Flamethrower|p1a: Tornadus
|-damage|p1a: Tornadus|250/361
|
|-heal|p2a: Dark Crater|341/341|[from] item: Leftovers
|upkeep
|turn|33
|
|t:|1608496938
|move|p1a: Tornadus|U-turn|p2a: Dark Crater
|-resisted|p2a: Dark Crater
|-damage|p2a: Dark Crater|330/341
|
|t:|1608496940
|switch|p1a: Rotom|Rotom-Wash|303/303
|move|p2a: Dark Crater|Toxic|p1a: Rotom|[miss]
|-miss|p2a: Dark Crater|p1a: Rotom
|
|-heal|p2a: Dark Crater|341/341|[from] item: Leftovers
|upkeep
|turn|34
|
|t:|1608496964
|switch|p2a: Waterfall Cave|Rotom-Wash|180/304
|-damage|p2a: Waterfall Cave|142/304|[from] Stealth Rock
|move|p1a: Rotom|Hydro Pump|p2a: Waterfall Cave
|-resisted|p2a: Waterfall Cave
|-damage|p2a: Waterfall Cave|82/304
|
|upkeep
|turn|35
|
|t:|1608496974
|move|p1a: Rotom|Volt Switch|p2a: Waterfall Cave
|-damage|p2a: Waterfall Cave|0 fnt
|faint|p2a: Waterfall Cave
|
|t:|1608496977
|switch|p1a: Diancie|Diancie-Mega|133/241
|
|upkeep
|c|☆Empo|gg
|-message|Empo forfeited.
|
|win|SOULWIND

