|inactive|Battle timer is ON: inactive players will automatically lose when time's up.
|t:|1753729157
|gametype|singles
|player|p1|zS|#wcop2025italy2|
|player|p2|ATTRIBUTE|#uuplxiiitycoons|
|gen|9
|tier|[Gen 9] OU
|rule|HP Percentage Mod: HP is shown in percentages
|rule|Endless Battle Clause: Forcing endless battles is banned
|rule|Species Clause: Limit one of each Pokémon
|rule|OHKO Clause: OHKO moves are banned
|rule|Evasion Items Clause: Evasion items are banned
|rule|Evasion Moves Clause: Evasion moves are banned
|rule|Evasion Abilities Clause: Evasion abilities are banned
|rule|Sleep Moves Clause: Sleep-inducing moves are banned
|clearpoke
|poke|p1|Ting-Lu|
|poke|p1|Kyurem|
|poke|p1|Cinderace, M|
|poke|p1|Corviknight, M|
|poke|p1|Cresselia, F|
|poke|p1|Alomomola, F|
|poke|p2|Gliscor, F|
|poke|p2|Rillaboom, F|
|poke|p2|Heatran, F|
|poke|p2|Latias, F|
|poke|p2|Ogerpon-Wellspring, F|
|poke|p2|Zamazenta-*|
|teampreview
|inactive|ATTRIBUTE also wants the timer to be on.
|raw|<div class="broadcast-red"><strong>Moderated chat was set to ☆!</strong><br />Only users of rank ☆ and higher can talk.</div>
|c|☆ATTRIBUTE|hf
|c|☆zS|u2
|inactive|zS has 270 seconds left.
|inactive|ATTRIBUTE has 270 seconds left.
|inactive|zS has 240 seconds left.
|inactive|ATTRIBUTE has 240 seconds left.
|inactive|zS has 210 seconds left.
|inactive|ATTRIBUTE has 210 seconds left.
|inactive|ATTRIBUTE has 180 seconds left.
|
|t:|1753729295
|teamsize|p1|6
|teamsize|p2|6
|start
|switch|p1a: 15|Cinderace, M|100/100
|switch|p2a: tellingofourhopes|Rillaboom, F|100/100
|-fieldstart|move: Grassy Terrain|[from] ability: Grassy Surge|[of] p2a: tellingofourhopes
|turn|1
|inactive|zS has 270 seconds left.
|inactive|ATTRIBUTE has 210 seconds left.
|inactive|zS has 240 seconds left.
|inactive|ATTRIBUTE has 180 seconds left.
|
|t:|1753729366
|move|p2a: tellingofourhopes|Knock Off|p1a: 15
|-damage|p1a: 15|53/100
|-enditem|p1a: 15|Heavy-Duty Boots|[from] move: Knock Off|[of] p2a: tellingofourhopes
|move|p1a: 15|Pyro Ball|p2a: tellingofourhopes
|-supereffective|p2a: tellingofourhopes
|-damage|p2a: tellingofourhopes|0 fnt
|faint|p2a: tellingofourhopes
|
|-heal|p1a: 15|59/100|[from] Grassy Terrain
|upkeep
|inactive|ATTRIBUTE has 150 seconds left.
|inactive|ATTRIBUTE has 120 seconds left.
|inactive|ATTRIBUTE has 90 seconds left.
|
|t:|1753729468
|switch|p2a: offered it|Zamazenta|100/100
|-ability|p2a: offered it|Dauntless Shield|boost
|-boost|p2a: offered it|def|1
|turn|2
|
|t:|1753729474
|switch|p1a: 23|Corviknight, M|100/100
|-ability|p1a: 23|Pressure
|move|p2a: offered it|Body Press|p1a: 23
|-damage|p1a: 23|62/100
|-damage|p2a: offered it|84/100|[from] item: Rocky Helmet|[of] p1a: 23
|
|-heal|p2a: offered it|90/100|[from] Grassy Terrain
|-heal|p2a: offered it|96/100|[from] item: Leftovers
|upkeep
|turn|3
|
|t:|1753729485
|switch|p2a: burningofourhearts|Heatran, F|100/100
|move|p1a: 23|Iron Defense|p1a: 23
|-boost|p1a: 23|def|2
|
|upkeep
|turn|4
|
|t:|1753729498
|switch|p1a: 94|Alomomola, F|100/100
|move|p2a: burningofourhearts|Stealth Rock|p1a: 94
|-sidestart|p1: zS|move: Stealth Rock
|
|upkeep
|turn|5
|inactive|zS has 240 seconds left.
|inactive|ATTRIBUTE has 60 seconds left.
|
|t:|1753729555
|switch|p1a: 15|Cinderace, M|59/100
|-damage|p1a: 15|34/100|[from] Stealth Rock
|move|p2a: burningofourhearts|Will-O-Wisp|p1a: 15
|-immune|p1a: 15
|
|-heal|p1a: 15|40/100|[from] Grassy Terrain
|-fieldend|move: Grassy Terrain
|upkeep
|turn|6
|inactive|zS has 210 seconds left.
|inactive|ATTRIBUTE has 30 seconds left.
|
|t:|1753729574
|move|p1a: 15|Court Change|p1a: 15
|-start|p1a: 15|typechange|Normal|[from] ability: Libero
|-swapsideconditions
|-activate|p1a: 15|move: Court Change
|move|p2a: burningofourhearts|Lava Plume|p1a: 15
|-damage|p1a: 15|0 fnt
|faint|p1a: 15
|
|upkeep
|inactive|zS has 210 seconds left.
|
|t:|1753729585
|switch|p1a: 46|Kyurem|100/100
|-ability|p1a: 46|Pressure
|turn|7
|inactive|zS has 210 seconds left.
|inactive|ATTRIBUTE has 30 seconds left.
|
|t:|1753729605
|switch|p2a: offered it|Zamazenta|96/100
|-damage|p2a: offered it|90/100|[from] Stealth Rock
|move|p1a: 46|Substitute|p1a: 46
|-start|p1a: 46|Substitute
|-damage|p1a: 46|76/100
|
|-heal|p2a: offered it|96/100|[from] item: Leftovers
|-heal|p1a: 46|82/100|[from] item: Leftovers
|upkeep
|turn|8
|
|t:|1753729610
|move|p2a: offered it|Iron Defense|p2a: offered it
|-boost|p2a: offered it|def|2
|move|p1a: 46|Icicle Spear|p2a: offered it
|-damage|p2a: offered it|92/100
|-damage|p2a: offered it|87/100
|-hitcount|p2a: offered it|2
|
|-heal|p2a: offered it|93/100|[from] item: Leftovers
|-heal|p1a: 46|88/100|[from] item: Leftovers
|upkeep
|turn|9
|
|t:|1753729617
|move|p2a: offered it|Crunch|p1a: 46
|-activate|p1a: 46|move: Substitute|[damage]
|move|p1a: 46|Dragon Dance|p1a: 46
|-boost|p1a: 46|atk|1
|-boost|p1a: 46|spe|1
|
|-heal|p1a: 46|94/100|[from] item: Leftovers
|-heal|p2a: offered it|99/100|[from] item: Leftovers
|upkeep
|turn|10
|
|t:|1753729621
|move|p1a: 46|Dragon Dance|p1a: 46
|-boost|p1a: 46|atk|1
|-boost|p1a: 46|spe|1
|move|p2a: offered it|Crunch|p1a: 46
|-end|p1a: 46|Substitute
|
|-heal|p1a: 46|100/100|[from] item: Leftovers
|-heal|p2a: offered it|100/100|[from] item: Leftovers
|upkeep
|turn|11
|inactive|zS has 240 seconds left.
|
|t:|1753729629
|move|p1a: 46|Substitute|p1a: 46
|-start|p1a: 46|Substitute
|-damage|p1a: 46|76/100
|move|p2a: offered it|Body Press|p1a: 46
|-supereffective|p1a: 46
|-end|p1a: 46|Substitute
|
|-heal|p1a: 46|82/100|[from] item: Leftovers
|upkeep
|turn|12
|
|t:|1753729635
|move|p1a: 46|Protect|p1a: 46
|-singleturn|p1a: 46|Protect
|move|p2a: offered it|Iron Defense|p2a: offered it
|-boost|p2a: offered it|def|2
|
|-heal|p1a: 46|88/100|[from] item: Leftovers
|upkeep
|turn|13
|
|t:|1753729639
|move|p1a: 46|Substitute|p1a: 46
|-start|p1a: 46|Substitute
|-damage|p1a: 46|63/100
|move|p2a: offered it|Stone Edge|p1a: 46
|-supereffective|p1a: 46
|-end|p1a: 46|Substitute
|
|-heal|p1a: 46|69/100|[from] item: Leftovers
|upkeep
|turn|14
|inactive|ATTRIBUTE has 90 seconds left.
|
|t:|1753729654
|move|p1a: 46|Protect|p1a: 46
|-singleturn|p1a: 46|Protect
|move|p2a: offered it|Crunch|p1a: 46
|-activate|p1a: 46|move: Protect
|
|-heal|p1a: 46|76/100|[from] item: Leftovers
|upkeep
|turn|15
|
|t:|1753729672
|-terastallize|p1a: 46|Ghost
|move|p1a: 46|Substitute|p1a: 46
|-start|p1a: 46|Substitute
|-damage|p1a: 46|51/100
|move|p2a: offered it|Stone Edge|p1a: 46
|-activate|p1a: 46|move: Substitute|[damage]
|
|-heal|p1a: 46|57/100|[from] item: Leftovers
|upkeep
|turn|16
|
|t:|1753729681
|move|p1a: 46|Protect|p1a: 46
|-singleturn|p1a: 46|Protect
|move|p2a: offered it|Iron Defense|p2a: offered it
|-boost|p2a: offered it|def|2
|
|-heal|p1a: 46|63/100|[from] item: Leftovers
|upkeep
|turn|17
|
|t:|1753729687
|move|p1a: 46|Dragon Dance|p1a: 46
|-boost|p1a: 46|atk|1
|-boost|p1a: 46|spe|1
|move|p2a: offered it|Crunch|p1a: 46
|-supereffective|p1a: 46
|-end|p1a: 46|Substitute
|
|-heal|p1a: 46|69/100|[from] item: Leftovers
|upkeep
|turn|18
|inactive|zS has 270 seconds left.
|inactive|ATTRIBUTE has 90 seconds left.
|
|t:|1753729722
|move|p1a: 46|Substitute|p1a: 46
|-start|p1a: 46|Substitute
|-damage|p1a: 46|44/100
|move|p2a: offered it|Stone Edge|p1a: 46
|-end|p1a: 46|Substitute
|
|-heal|p1a: 46|51/100|[from] item: Leftovers
|upkeep
|turn|19
|
|t:|1753729731
|move|p1a: 46|Protect|p1a: 46
|-singleturn|p1a: 46|Protect
|move|p2a: offered it|Iron Defense|p2a: offered it
|-boost|p2a: offered it|def|0
|
|-heal|p1a: 46|57/100|[from] item: Leftovers
|upkeep
|turn|20
|
|t:|1753729740
|move|p1a: 46|Substitute|p1a: 46
|-start|p1a: 46|Substitute
|-damage|p1a: 46|32/100
|move|p2a: offered it|Crunch|p1a: 46
|-supereffective|p1a: 46
|-end|p1a: 46|Substitute
|
|-heal|p1a: 46|38/100|[from] item: Leftovers
|upkeep
|turn|21
|
|t:|1753729751
|move|p1a: 46|Protect|p1a: 46
|-singleturn|p1a: 46|Protect
|move|p2a: offered it|Crunch|p1a: 46
|-activate|p1a: 46|move: Protect
|
|-heal|p1a: 46|44/100|[from] item: Leftovers
|upkeep
|turn|22
|inactive|zS has 270 seconds left.
|
|t:|1753729776
|move|p1a: 46|Substitute|p1a: 46
|-start|p1a: 46|Substitute
|-damage|p1a: 46|19/100
|move|p2a: offered it|Crunch|p1a: 46
|-supereffective|p1a: 46
|-end|p1a: 46|Substitute
|
|-heal|p1a: 46|26/100|[from] item: Leftovers
|upkeep
|turn|23
|
|t:|1753729787
|switch|p1a: 88|Cresselia, F, shiny|100/100
|move|p2a: offered it|Stone Edge|p1a: 88
|-damage|p1a: 88|81/100
|
|upkeep
|turn|24
|inactive|zS has 270 seconds left.
|inactive|ATTRIBUTE has 90 seconds left.
|
|t:|1753729820
|move|p1a: 88|Trick|p2a: offered it
|-activate|p1a: 88|move: Trick|[of] p2a: offered it
|-item|p2a: offered it|Choice Scarf|[from] move: Trick
|-item|p1a: 88|Leftovers|[from] move: Trick
|move|p2a: offered it|Body Press|p1a: 88
|-resisted|p1a: 88
|-damage|p1a: 88|31/100
|
|-heal|p1a: 88|38/100|[from] item: Leftovers
|upkeep
|turn|25
|inactive|ATTRIBUTE has 90 seconds left.
|
|t:|1753729844
|switch|p2a: burningofourhearts|Heatran, F|100/100
|move|p1a: 88|Thunder Wave|p2a: burningofourhearts|[miss]
|-miss|p1a: 88|p2a: burningofourhearts
|
|-heal|p1a: 88|44/100|[from] item: Leftovers
|upkeep
|turn|26
|
|t:|1753729855
|switch|p2a: walkingontheroad|Gliscor, F|100/100
|-damage|p2a: walkingontheroad|88/100|[from] Stealth Rock
|move|p1a: 88|Thunder Wave|p2a: walkingontheroad
|-immune|p2a: walkingontheroad
|
|-heal|p1a: 88|50/100|[from] item: Leftovers
|-status|p2a: walkingontheroad|tox|[from] item: Toxic Orb
|upkeep
|turn|27
|
|t:|1753729860
|move|p1a: 88|Ice Beam|p2a: walkingontheroad
|-supereffective|p2a: walkingontheroad
|-damage|p2a: walkingontheroad|36/100 tox
|move|p2a: walkingontheroad|Toxic|p1a: 88
|-status|p1a: 88|tox
|
|-heal|p1a: 88|56/100 tox|[from] item: Leftovers
|-damage|p1a: 88|50/100 tox|[from] psn
|-heal|p2a: walkingontheroad|48/100 tox|[from] ability: Poison Heal
|upkeep
|turn|28
|inactive|zS has 270 seconds left.
|inactive|ATTRIBUTE has 90 seconds left.
|inactive|zS has 240 seconds left.
|
|t:|1753729900
|move|p2a: walkingontheroad|Protect|p2a: walkingontheroad
|-singleturn|p2a: walkingontheroad|Protect
|move|p1a: 88|Lunar Dance|p1a: 88
|faint|p1a: 88
|
|-heal|p2a: walkingontheroad|61/100 tox|[from] ability: Poison Heal
|upkeep
|
|t:|1753729902
|switch|p1a: 46|Kyurem, tera:Ghost|26/100
|-heal|p1a: 46|100/100|[from] move: Lunar Dance
|-ability|p1a: 46|Pressure
|turn|29
|inactive|ATTRIBUTE has 90 seconds left.
|
|t:|1753729926
|move|p1a: 46|Substitute|p1a: 46
|-start|p1a: 46|Substitute
|-damage|p1a: 46|76/100
|move|p2a: walkingontheroad|U-turn|p1a: 46
|-resisted|p1a: 46
|-activate|p1a: 46|move: Substitute|[damage]
|
|t:|1753729927
|switch|p2a: broke it|Ogerpon-Wellspring, F|100/100|[from] U-turn
|-damage|p2a: broke it|88/100|[from] Stealth Rock
|
|-heal|p1a: 46|82/100|[from] item: Leftovers
|upkeep
|turn|30
|inactive|zS has 240 seconds left.
|
|t:|1753729954
|move|p2a: broke it|Trailblaze|p1a: 46
|-end|p1a: 46|Substitute
|-boost|p2a: broke it|spe|1
|move|p1a: 46|Icicle Spear|p2a: broke it
|-damage|p2a: broke it|73/100
|-damage|p2a: broke it|58/100
|-hitcount|p2a: broke it|2
|
|-heal|p1a: 46|88/100|[from] item: Leftovers
|upkeep
|turn|31
|inactive|zS has 240 seconds left.
|
|t:|1753729977
|switch|p1a: 23|Corviknight, M|62/100
|-ability|p1a: 23|Pressure
|move|p2a: broke it|Synthesis|p2a: broke it
|-heal|p2a: broke it|100/100
|
|upkeep
|turn|32
|
|t:|1753729992
|switch|p2a: burningofourhearts|Heatran, F|100/100
|move|p1a: 23|Roost|p1a: 23
|-heal|p1a: 23|100/100
|-singleturn|p1a: 23|move: Roost
|
|upkeep
|turn|33
|
|t:|1753730000
|switch|p1a: 03|Ting-Lu|100/100
|-ability|p1a: 03|Vessel of Ruin
|move|p2a: burningofourhearts|Stealth Rock|p1a: 03
|-sidestart|p1: zS|move: Stealth Rock
|
|upkeep
|turn|34
|
|t:|1753730004
|switch|p2a: walkingontheroad|Gliscor, F|61/100 tox
|-damage|p2a: walkingontheroad|48/100 tox|[from] Stealth Rock
|move|p1a: 03|Earthquake|p2a: walkingontheroad
|-immune|p2a: walkingontheroad
|
|-heal|p2a: walkingontheroad|61/100 tox|[from] ability: Poison Heal
|upkeep
|turn|35
|inactive|ATTRIBUTE has 90 seconds left.
|inactive|zS has 240 seconds left.
|
|t:|1753730035
|move|p2a: walkingontheroad|Toxic|p1a: 03
|-status|p1a: 03|tox
|move|p1a: 03|Earthquake|p2a: walkingontheroad
|-immune|p2a: walkingontheroad
|
|-heal|p2a: walkingontheroad|73/100 tox|[from] ability: Poison Heal
|-damage|p1a: 03|94/100 tox|[from] psn
|upkeep
|turn|36
|
|t:|1753730041
|switch|p1a: 23|Corviknight, M|100/100
|-damage|p1a: 23|88/100|[from] Stealth Rock
|-ability|p1a: 23|Pressure
|move|p2a: walkingontheroad|U-turn|p1a: 23
|-resisted|p1a: 23
|-damage|p1a: 23|86/100
|-damage|p2a: walkingontheroad|57/100 tox|[from] item: Rocky Helmet|[of] p1a: 23
|
|t:|1753730043
|switch|p2a: burningofourhearts|Heatran, F|100/100|[from] U-turn
|
|upkeep
|turn|37
|
|t:|1753730046
|switch|p1a: 94|Alomomola, F|100/100
|move|p2a: burningofourhearts|Lava Plume|p1a: 94
|-resisted|p1a: 94
|-damage|p1a: 94|86/100
|
|upkeep
|turn|38
|
|t:|1753730057
|move|p2a: burningofourhearts|Will-O-Wisp|p1a: 94
|-status|p1a: 94|brn
|move|p1a: 94|Flip Turn|p2a: burningofourhearts
|-supereffective|p2a: burningofourhearts
|-damage|p2a: burningofourhearts|86/100
|
|t:|1753730059
|switch|p1a: 03|Ting-Lu|94/100 tox|[from] Flip Turn
|-damage|p1a: 03|88/100 tox|[from] Stealth Rock
|-ability|p1a: 03|Vessel of Ruin
|
|-damage|p1a: 03|82/100 tox|[from] psn
|upkeep
|turn|39
|
|t:|1753730079
|switch|p2a: offered it|Zamazenta|100/100
|-damage|p2a: offered it|94/100|[from] Stealth Rock
|move|p1a: 03|Payback|p2a: offered it
|-resisted|p2a: offered it
|-damage|p2a: offered it|84/100
|
|-damage|p1a: 03|70/100 tox|[from] psn
|upkeep
|turn|40
|inactive|zS has 270 seconds left.
|
|t:|1753730090
|switch|p2a: walkingontheroad|Gliscor, F|57/100 tox
|-damage|p2a: walkingontheroad|44/100 tox|[from] Stealth Rock
|switch|p1a: 94|Alomomola, F|100/100 brn
|
|-heal|p2a: walkingontheroad|57/100 tox|[from] ability: Poison Heal
|-damage|p1a: 94|94/100 brn|[from] brn
|upkeep
|turn|41
|
|t:|1753730096
|move|p2a: walkingontheroad|U-turn|p1a: 94
|-damage|p1a: 94|83/100 brn
|
|t:|1753730099
|switch|p2a: broke it|Ogerpon-Wellspring, F|100/100|[from] U-turn
|-damage|p2a: broke it|88/100|[from] Stealth Rock
|move|p1a: 94|Wish|p1a: 94
|
|-damage|p1a: 94|77/100 brn|[from] brn
|upkeep
|turn|42
|inactive|ATTRIBUTE has 120 seconds left.
|
|t:|1753730132
|switch|p2a: burningofourhearts|Heatran, F|86/100
|switch|p1a: 23|Corviknight, M|86/100
|-damage|p1a: 23|73/100|[from] Stealth Rock
|-ability|p1a: 23|Pressure
|
|-heal|p1a: 23|100/100|[from] move: Wish|[wisher] 94
|upkeep
|turn|43
|inactive|ATTRIBUTE has 90 seconds left.
|
|t:|1753730176
|switch|p1a: 94|Alomomola, F|100/100 brn
|move|p2a: burningofourhearts|Lava Plume|p1a: 94
|-resisted|p1a: 94
|-crit|p1a: 94
|-damage|p1a: 94|80/100 brn
|
|-damage|p1a: 94|73/100 brn|[from] brn
|upkeep
|turn|44
|
|t:|1753730187
|switch|p2a: broke it|Ogerpon-Wellspring, F|88/100
|-damage|p2a: broke it|76/100|[from] Stealth Rock
|move|p1a: 94|Wish|p1a: 94
|
|-damage|p1a: 94|67/100 brn|[from] brn
|upkeep
|turn|45
|
|t:|1753730195
|switch|p2a: burningofourhearts|Heatran, F|86/100
|switch|p1a: 23|Corviknight, M|100/100
|-damage|p1a: 23|88/100|[from] Stealth Rock
|-ability|p1a: 23|Pressure
|
|-heal|p1a: 23|100/100|[from] move: Wish|[wisher] 94
|upkeep
|turn|46
|
|t:|1753730212
|switch|p1a: 94|Alomomola, F|99/100 brn
|move|p2a: burningofourhearts|Earth Power|p1a: 94
|-damage|p1a: 94|80/100 brn
|
|-damage|p1a: 94|74/100 brn|[from] brn
|upkeep
|turn|47
|inactive|ATTRIBUTE has 60 seconds left.
|
|t:|1753730238
|switch|p2a: broke it|Ogerpon-Wellspring, F|76/100
|-damage|p2a: broke it|64/100|[from] Stealth Rock
|move|p1a: 94|Wish|p1a: 94
|
|-damage|p1a: 94|67/100 brn|[from] brn
|upkeep
|turn|48
|
|t:|1753730247
|switch|p1a: 23|Corviknight, M|100/100
|-damage|p1a: 23|88/100|[from] Stealth Rock
|-ability|p1a: 23|Pressure
|move|p2a: broke it|Synthesis|p2a: broke it
|-heal|p2a: broke it|100/100
|
|-heal|p1a: 23|100/100|[from] move: Wish|[wisher] 94
|upkeep
|turn|49
|inactive|ATTRIBUTE has 60 seconds left.
|
|t:|1753730272
|move|p2a: broke it|Ivy Cudgel|p1a: 23|[anim] Ivy Cudgel Water
|-damage|p1a: 23|64/100
|move|p1a: 23|Iron Defense|p1a: 23
|-boost|p1a: 23|def|2
|
|upkeep
|turn|50
|
|t:|1753730292
|switch|p2a: blessed it|Latias, F|100/100
|-damage|p2a: blessed it|88/100|[from] Stealth Rock
|move|p1a: 23|Body Press|p2a: blessed it
|-resisted|p2a: blessed it
|-damage|p2a: blessed it|63/100
|
|upkeep
|turn|51
|
|t:|1753730299
|move|p2a: blessed it|Calm Mind|p2a: blessed it
|-boost|p2a: blessed it|spa|1
|-boost|p2a: blessed it|spd|1
|move|p1a: 23|Roost|p1a: 23
|-heal|p1a: 23|100/100
|-singleturn|p1a: 23|move: Roost
|
|upkeep
|turn|52
|
|t:|1753730305
|switch|p1a: 03|Ting-Lu|70/100 tox
|-damage|p1a: 03|64/100 tox|[from] Stealth Rock
|-ability|p1a: 03|Vessel of Ruin
|move|p2a: blessed it|Calm Mind|p2a: blessed it
|-boost|p2a: blessed it|spa|1
|-boost|p2a: blessed it|spd|1
|
|-damage|p1a: 03|58/100 tox|[from] psn
|upkeep
|turn|53
|inactive|ATTRIBUTE has 60 seconds left.
|inactive|ATTRIBUTE has 30 seconds left.
|inactive|ATTRIBUTE has 20 seconds left.
|
|t:|1753730353
|-terastallize|p2a: blessed it|Poison
|move|p2a: blessed it|Calm Mind|p2a: blessed it
|-boost|p2a: blessed it|spa|1
|-boost|p2a: blessed it|spd|1
|move|p1a: 03|Payback|p2a: blessed it
|-damage|p2a: blessed it|15/100
|
|-damage|p1a: 03|45/100 tox|[from] psn
|upkeep
|turn|54
|inactive|ATTRIBUTE has 30 seconds left this turn.
|
|t:|1753730357
|move|p2a: blessed it|Recover|p2a: blessed it
|-heal|p2a: blessed it|66/100
|move|p1a: 03|Payback|p2a: blessed it
|-damage|p2a: blessed it|16/100
|
|-damage|p1a: 03|27/100 tox|[from] psn
|upkeep
|turn|55
|
|t:|1753730361
|move|p2a: blessed it|Recover|p2a: blessed it
|-heal|p2a: blessed it|67/100
|move|p1a: 03|Payback|p2a: blessed it
|-damage|p2a: blessed it|18/100
|
|-damage|p1a: 03|2/100 tox|[from] psn
|upkeep
|turn|56
|
|t:|1753730367
|move|p2a: blessed it|Recover|p2a: blessed it
|-heal|p2a: blessed it|69/100
|move|p1a: 03|Payback|p2a: blessed it
|-damage|p2a: blessed it|17/100
|
|-damage|p1a: 03|0 fnt|[from] psn
|faint|p1a: 03
|upkeep
|inactive|zS has 270 seconds left.
|
|t:|1753730412
|switch|p1a: 94|Alomomola, F|100/100 brn
|turn|57
|
|t:|1753730426
|move|p2a: blessed it|Recover|p2a: blessed it
|-heal|p2a: blessed it|67/100
|move|p1a: 94|Light Screen|p1a: 94
|-sidestart|p1: zS|move: Light Screen
|
|-damage|p1a: 94|94/100 brn|[from] brn
|upkeep
|turn|58
|
|t:|1753730432
|move|p2a: blessed it|Calm Mind|p2a: blessed it
|-boost|p2a: blessed it|spa|1
|-boost|p2a: blessed it|spd|1
|move|p1a: 94|Flip Turn|p2a: blessed it
|-damage|p2a: blessed it|59/100
|
|t:|1753730434
|switch|p1a: 46|Kyurem, tera:Ghost|88/100|[from] Flip Turn
|-damage|p1a: 46|76/100|[from] Stealth Rock
|-ability|p1a: 46|Pressure
|
|-heal|p1a: 46|82/100|[from] item: Leftovers
|upkeep
|turn|59
|
|t:|1753730438
|move|p2a: blessed it|Stored Power|p1a: 46
|-damage|p1a: 46|13/100
|move|p1a: 46|Dragon Dance|p1a: 46
|-boost|p1a: 46|atk|1
|-boost|p1a: 46|spe|1
|
|-heal|p1a: 46|19/100|[from] item: Leftovers
|upkeep
|turn|60
|inactive|ATTRIBUTE has 60 seconds left.
|
|t:|1753730488
|switch|p2a: offered it|Zamazenta|84/100
|-damage|p2a: offered it|78/100|[from] Stealth Rock
|move|p1a: 46|Icicle Spear|p2a: offered it
|-damage|p2a: offered it|64/100
|-damage|p2a: offered it|52/100
|-damage|p2a: offered it|39/100
|-hitcount|p2a: offered it|3
|
|-heal|p1a: 46|26/100|[from] item: Leftovers
|upkeep
|turn|61
|
|t:|1753730503
|move|p1a: 46|Protect|p1a: 46
|-singleturn|p1a: 46|Protect
|move|p2a: offered it|Crunch|p1a: 46
|-activate|p1a: 46|move: Protect
|
|-heal|p1a: 46|32/100|[from] item: Leftovers
|-sideend|p1: zS|move: Light Screen
|upkeep
|turn|62
|inactive|zS has 270 seconds left.
|
|t:|1753730542
|switch|p1a: 94|Alomomola, F|100/100 brn
|move|p2a: offered it|Crunch|p1a: 94
|-damage|p1a: 94|83/100 brn
|
|-damage|p1a: 94|77/100 brn|[from] brn
|upkeep
|turn|63
|
|t:|1753730546
|switch|p2a: broke it|Ogerpon-Wellspring, F|100/100
|-damage|p2a: broke it|88/100|[from] Stealth Rock
|move|p1a: 94|Wish|p1a: 94
|
|-damage|p1a: 94|71/100 brn|[from] brn
|upkeep
|turn|64
|inactive|ATTRIBUTE has 60 seconds left.
|
|t:|1753730562
|switch|p2a: blessed it|Latias, F, tera:Poison|59/100
|-damage|p2a: blessed it|46/100|[from] Stealth Rock
|switch|p1a: 23|Corviknight, M|100/100
|-damage|p1a: 23|88/100|[from] Stealth Rock
|-ability|p1a: 23|Pressure
|
|-heal|p1a: 23|100/100|[from] move: Wish|[wisher] 94
|upkeep
|turn|65
|
|t:|1753730575
|switch|p1a: 94|Alomomola, F|100/100 brn
|move|p2a: blessed it|Calm Mind|p2a: blessed it
|-boost|p2a: blessed it|spa|1
|-boost|p2a: blessed it|spd|1
|
|-damage|p1a: 94|94/100 brn|[from] brn
|upkeep
|turn|66
|
|t:|1753730580
|move|p2a: blessed it|Recover|p2a: blessed it
|-heal|p2a: blessed it|96/100
|move|p1a: 94|Wish|p1a: 94
|
|-damage|p1a: 94|88/100 brn|[from] brn
|upkeep
|turn|67
|inactive|ATTRIBUTE has 60 seconds left.
|inactive|zS has 270 seconds left.
|inactive|ATTRIBUTE has 30 seconds left.
|
|t:|1753730640
|switch|p1a: 46|Kyurem, tera:Ghost|32/100
|-damage|p1a: 46|19/100|[from] Stealth Rock
|-ability|p1a: 46|Pressure
|move|p2a: blessed it|Calm Mind|p2a: blessed it
|-boost|p2a: blessed it|spa|1
|-boost|p2a: blessed it|spd|1
|
|-heal|p1a: 46|77/100|[from] move: Wish|[wisher] 94
|-heal|p1a: 46|83/100|[from] item: Leftovers
|upkeep
|turn|68
|inactive|zS has 270 seconds left.
|inactive|ATTRIBUTE has 30 seconds left.
|inactive|ATTRIBUTE has 20 seconds left.
|inactive|ATTRIBUTE has 15 seconds left.
|
|t:|1753730667
|move|p2a: blessed it|Stored Power|p1a: 46
|-damage|p1a: 46|31/100
|move|p1a: 46|Dragon Dance|p1a: 46
|-boost|p1a: 46|atk|1
|-boost|p1a: 46|spe|1
|
|-heal|p1a: 46|38/100|[from] item: Leftovers
|upkeep
|turn|69
|inactive|ATTRIBUTE has 25 seconds left this turn.
|inactive|ATTRIBUTE has 20 seconds left.
|inactive|ATTRIBUTE has 15 seconds left.
|
|t:|1753730681
|move|p1a: 46|Protect|p1a: 46
|-singleturn|p1a: 46|Protect
|move|p2a: blessed it|Stored Power|p1a: 46
|-activate|p1a: 46|move: Protect
|
|-heal|p1a: 46|44/100|[from] item: Leftovers
|upkeep
|turn|70
|inactive|ATTRIBUTE has 25 seconds left this turn.
|
|t:|1753730685
|move|p1a: 46|Substitute|p1a: 46
|-start|p1a: 46|Substitute
|-damage|p1a: 46|19/100
|move|p2a: blessed it|Stored Power|p1a: 46
|-end|p1a: 46|Substitute
|
|-heal|p1a: 46|25/100|[from] item: Leftovers
|upkeep
|turn|71
|inactive|zS has 270 seconds left.
|inactive|ATTRIBUTE has 30 seconds left.
|
|t:|1753730695
|move|p1a: 46|Protect|p1a: 46
|-singleturn|p1a: 46|Protect
|move|p2a: blessed it|Calm Mind|p2a: blessed it
|-boost|p2a: blessed it|spa|1
|-boost|p2a: blessed it|spd|1
|
|-heal|p1a: 46|31/100|[from] item: Leftovers
|upkeep
|turn|72
|inactive|zS has 270 seconds left.
|
|t:|1753730709
|move|p1a: 46|Substitute|p1a: 46
|-start|p1a: 46|Substitute
|-damage|p1a: 46|7/100
|move|p2a: blessed it|Stored Power|p1a: 46
|-end|p1a: 46|Substitute
|
|-heal|p1a: 46|13/100|[from] item: Leftovers
|upkeep
|turn|73
|
|t:|1753730719
|move|p1a: 46|Protect|p1a: 46
|-singleturn|p1a: 46|Protect
|move|p2a: blessed it|Stored Power|p1a: 46
|-activate|p1a: 46|move: Protect
|
|-heal|p1a: 46|19/100|[from] item: Leftovers
|upkeep
|turn|74
|inactive|zS has 270 seconds left.
|
|t:|1753730746
|switch|p1a: 23|Corviknight, M|100/100
|-damage|p1a: 23|88/100|[from] Stealth Rock
|-ability|p1a: 23|Pressure
|move|p2a: blessed it|Stored Power|p1a: 23
|-resisted|p1a: 23
|-damage|p1a: 23|23/100
|
|upkeep
|turn|75
|
|t:|1753730762
|move|p2a: blessed it|Aura Sphere|p1a: 23
|-damage|p1a: 23|0 fnt
|faint|p1a: 23
|
|upkeep
|inactive|zS has 240 seconds left.
|
|t:|1753730801
|switch|p1a: 46|Kyurem, tera:Ghost|19/100
|-damage|p1a: 46|7/100|[from] Stealth Rock
|-ability|p1a: 46|Pressure
|turn|76
|inactive|ATTRIBUTE has 60 seconds left.
|
|t:|1753730823
|switch|p2a: burningofourhearts|Heatran, F|86/100
|move|p1a: 46|Dragon Dance|p1a: 46
|-boost|p1a: 46|atk|1
|-boost|p1a: 46|spe|1
|
|-heal|p1a: 46|13/100|[from] item: Leftovers
|upkeep
|turn|77
|
|t:|1753730830
|move|p1a: 46|Protect|p1a: 46
|-singleturn|p1a: 46|Protect
|move|p2a: burningofourhearts|Lava Plume|p1a: 46
|-activate|p1a: 46|move: Protect
|
|-heal|p1a: 46|19/100|[from] item: Leftovers
|upkeep
|turn|78
|
|t:|1753730843
|move|p1a: 46|Protect||[still]
|-fail|p1a: 46
|move|p2a: burningofourhearts|Lava Plume|p1a: 46
|-damage|p1a: 46|0 fnt
|faint|p1a: 46
|
|upkeep
|c|☆zS|gg
|c|☆ATTRIBUTE|gg
|c|☆zS|mb team
|-message|zS forfeited.
|
|win|ATTRIBUTE
