|inactive|Battle timer is ON: inactive players will automatically lose when time's up.
|player|p1|blarghlfarghl|#splxiclassiest|
|player|p2|Empo|ethan|
|teamsize|p1|6
|teamsize|p2|6
|gametype|singles
|gen|8
|tier|[Gen 8] OU
|clearpoke
|poke|p1|Clefable, F|
|poke|p1|Dragapult, M|
|poke|p1|Mew|
|poke|p1|Dugtrio, M|
|poke|p1|Obstagoon, F|
|poke|p1|Cloyster, F|
|poke|p2|Dracovish|
|poke|p2|Mamoswine, F|
|poke|p2|Corviknight, F|
|poke|p2|Clefable, M|
|poke|p2|Kommo-o, M|
|poke|p2|Rotom-Heat|
|rule|Sleep Clause Mod: Limit one foe put to sleep
|rule|Species Clause: Limit one of each Pokémon
|rule|OHKO Clause: OHKO moves are banned
|rule|Evasion Moves Clause: Evasion moves are banned
|rule|Endless Battle Clause: Forcing endless battles is banned
|rule|HP Percentage Mod: HP is shown in percentages
|rule|Dynamax Clause: You cannot dynamax
|teampreview
|c|☆blarghlfarghl|hf empoor
|c|+SAYUZE|ohoho
|c|☆Empo|hf fatty
|raw|<div class="broadcast-red"><strong>Moderated chat was set to ☆!</strong><br />Only users of rank ☆ and higher can talk.</div>
|inactive|blarghlfarghl has 270 seconds left.
|inactive|Empo has 270 seconds left.
|inactive|blarghlfarghl has 240 seconds left.
|inactive|blarghlfarghl has 210 seconds left.
|
|start
|switch|p1a: indian empoor|Dragapult, M|100/100
|switch|p2a: UPPER STEAM CAVE|Rotom-Heat|100/100
|turn|1
|
|move|p2a: UPPER STEAM CAVE|Thunder Wave|p1a: indian empoor
|-status|p1a: indian empoor|par
|move|p1a: indian empoor|Dragon Dance|p1a: indian empoor
|-boost|p1a: indian empoor|atk|1
|-boost|p1a: indian empoor|spe|1
|
|upkeep
|turn|2
|
|switch|p2a: THE NIGHTMARE|Corviknight, F|100/100
|-ability|p2a: THE NIGHTMARE|Pressure
|move|p1a: indian empoor|Phantom Force||[still]
|-prepare|p1a: indian empoor|Phantom Force|p2a: THE NIGHTMARE
|
|upkeep
|turn|3
|
|move|p1a: indian empoor|Phantom Force|p2a: THE NIGHTMARE|[from]lockedmove
|-damage|p2a: THE NIGHTMARE|30/100
|-damage|p1a: indian empoor|91/100 par|[from] item: Life Orb
|move|p2a: THE NIGHTMARE|Roost|p2a: THE NIGHTMARE
|-heal|p2a: THE NIGHTMARE|80/100
|-singleturn|p2a: THE NIGHTMARE|move: Roost
|
|-heal|p2a: THE NIGHTMARE|86/100|[from] item: Leftovers
|upkeep
|turn|4
|inactive|blarghlfarghl has 270 seconds left.
|inactive|Empo has 270 seconds left.
|
|move|p1a: indian empoor|Dragon Dance|p1a: indian empoor
|-boost|p1a: indian empoor|atk|1
|-boost|p1a: indian empoor|spe|1
|move|p2a: THE NIGHTMARE|U-turn|p1a: indian empoor
|-resisted|p1a: indian empoor
|-crit|p1a: indian empoor
|-damage|p1a: indian empoor|77/100 par
|-start|p2a: THE NIGHTMARE|Disable|U-turn|[from] ability: Cursed Body|[of] p1a: indian empoor
|
|switch|p2a: BLIZZARD ISLAND|Mamoswine, F|100/100|[from]move: U-turn
|
|upkeep
|turn|5
|
|move|p1a: indian empoor|Sucker Punch|p2a: BLIZZARD ISLAND
|-damage|p2a: BLIZZARD ISLAND|25/100
|-damage|p1a: indian empoor|67/100 par|[from] item: Life Orb
|move|p2a: BLIZZARD ISLAND|Ice Shard|p1a: indian empoor
|-supereffective|p1a: indian empoor
|-damage|p1a: indian empoor|0 fnt
|faint|p1a: indian empoor
|
|upkeep
|
|switch|p1a: empoor|Cloyster, F|100/100
|turn|6
|c|☆blarghlfarghl|repent empoor
|inactive|Empo has 240 seconds left.
|
|switch|p2a: THE NIGHTMARE|Corviknight, F|86/100
|-ability|p2a: THE NIGHTMARE|Pressure
|move|p1a: empoor|Shell Smash|p1a: empoor
|-unboost|p1a: empoor|def|1
|-unboost|p1a: empoor|spd|1
|-boost|p1a: empoor|atk|2
|-boost|p1a: empoor|spa|2
|-boost|p1a: empoor|spe|2
|
|-heal|p2a: THE NIGHTMARE|92/100|[from] item: Leftovers
|upkeep
|turn|7
|inactive|blarghlfarghl has 270 seconds left.
|inactive|Empo has 240 seconds left.
|inactive|blarghlfarghl has 240 seconds left.
|
|move|p1a: empoor|Icicle Spear|p2a: THE NIGHTMARE
|-damage|p2a: THE NIGHTMARE|77/100
|-damage|p2a: THE NIGHTMARE|61/100
|-damage|p2a: THE NIGHTMARE|45/100
|-damage|p2a: THE NIGHTMARE|29/100
|-damage|p2a: THE NIGHTMARE|14/100
|-hitcount|p2a: THE NIGHTMARE|5
|move|p2a: THE NIGHTMARE|Brave Bird|p1a: empoor
|-damage|p1a: empoor|53/100
|-damage|p2a: THE NIGHTMARE|5/100|[from] Recoil
|
|-heal|p2a: THE NIGHTMARE|11/100|[from] item: Leftovers
|upkeep
|turn|8
|
|move|p1a: empoor|Icicle Spear|p2a: THE NIGHTMARE
|-damage|p2a: THE NIGHTMARE|0 fnt
|-hitcount|p2a: THE NIGHTMARE|1
|faint|p2a: THE NIGHTMARE
|
|upkeep
|
|switch|p2a: UPPER STEAM CAVE|Rotom-Heat|100/100
|turn|9
|
|move|p1a: empoor|Rock Blast|p2a: UPPER STEAM CAVE
|-supereffective|p2a: UPPER STEAM CAVE
|-damage|p2a: UPPER STEAM CAVE|69/100
|-supereffective|p2a: UPPER STEAM CAVE
|-damage|p2a: UPPER STEAM CAVE|38/100
|-supereffective|p2a: UPPER STEAM CAVE
|-damage|p2a: UPPER STEAM CAVE|2/100
|-supereffective|p2a: UPPER STEAM CAVE
|-damage|p2a: UPPER STEAM CAVE|0 fnt
|-hitcount|p2a: UPPER STEAM CAVE|4
|faint|p2a: UPPER STEAM CAVE
|
|upkeep
|
|switch|p2a: CRYSTAL CROSSING|Clefable, M|100/100
|turn|10
|
|move|p1a: empoor|Icicle Spear|p2a: CRYSTAL CROSSING
|-damage|p2a: CRYSTAL CROSSING|76/100
|-damage|p2a: CRYSTAL CROSSING|49/100
|-damage|p2a: CRYSTAL CROSSING|22/100
|-damage|p2a: CRYSTAL CROSSING|0 fnt
|-hitcount|p2a: CRYSTAL CROSSING|4
|faint|p2a: CRYSTAL CROSSING
|
|upkeep
|c|☆Empo|gg
|c|☆blarghlfarghl|gg empoor
|inactive|Empo has 240 seconds left.
|-message|Empo forfeited.
|
|win|blarghlfarghl
