|inactive|Battle timer is ON: inactive players will automatically lose when time's up.
|t:|1717361474
|gametype|singles
|player|p1|Santu|#scl3platoon|
|player|p2|Empo|#empo|
|teamsize|p1|6
|teamsize|p2|6
|gen|8
|tier|[Gen 8] OU
|rule|Sleep Clause Mod: Limit one foe put to sleep
|rule|Species Clause: Limit one of each Pokémon
|rule|OHKO Clause: OHKO moves are banned
|rule|Evasion Items Clause: Evasion items are banned
|rule|Evasion Moves Clause: Evasion moves are banned
|rule|Endless Battle Clause: Forcing endless battles is banned
|rule|HP Percentage Mod: HP is shown in percentages
|rule|Dynamax Clause: You cannot dynamax
|clearpoke
|poke|p1|Slowking, F|
|poke|p1|Rillaboom, F|
|poke|p1|Tornadus-Therian, M|
|poke|p1|Scizor, M|
|poke|p1|Hippowdon, M|
|poke|p1|Clefable, F|
|poke|p2|Tapu Koko|
|poke|p2|Gastrodon-East, M|
|poke|p2|Clefable, F|
|poke|p2|Skarmory, M|
|poke|p2|Heatran, F|
|poke|p2|Tornadus-Therian, M|
|teampreview
|c|☆Empo|hf
|c|+ciro napoli|odio ss
|c|☆Santu|hf
|c|+beware of coco|sacra spada?
|c|+ciro napoli|sempe
|inactive|Santu has 270 seconds left.
|inactive|Empo has 270 seconds left.
|raw|<div class="broadcast-red"><strong>Moderated chat was set to ☆!</strong><br />Only users of rank ☆ and higher can talk.</div>
|inactive|Santu has 240 seconds left.
|inactive|Empo has 240 seconds left.
|inactive|Santu has 210 seconds left.
|inactive|Empo has 210 seconds left.
|inactive|Santu has 180 seconds left.
|inactive|Empo has 180 seconds left.
|inactive|Empo has 150 seconds left.
|
|t:|1717361637
|start
|switch|p1a: Clefable|Clefable, F|100/100
|switch|p2a: Clefable|Clefable, F|100/100
|turn|1
|
|t:|1717361657
|move|p1a: Clefable|Thunder Wave|p2a: Clefable
|-status|p2a: Clefable|par
|cant|p2a: Clefable|par
|
|upkeep
|turn|2
|inactive|Empo has 180 seconds left.
|
|t:|1717361677
|move|p1a: Clefable|Moonblast|p2a: Clefable
|-damage|p2a: Clefable|75/100 par
|-unboost|p2a: Clefable|spa|1
|move|p2a: Clefable|Knock Off|p1a: Clefable
|-resisted|p1a: Clefable
|-damage|p1a: Clefable|95/100
|-enditem|p1a: Clefable|Rocky Helmet|[from] move: Knock Off|[of] p2a: Clefable
|
|-heal|p2a: Clefable|81/100 par|[from] item: Leftovers
|upkeep
|turn|3
|inactive|Empo has 180 seconds left.
|inactive|Santu has 210 seconds left.
|inactive|Santu has 180 seconds left.
|
|t:|1717361732
|move|p1a: Clefable|Moonblast|p2a: Clefable
|-damage|p2a: Clefable|55/100 par
|-unboost|p2a: Clefable|spa|1
|move|p2a: Clefable|Stealth Rock|p1a: Clefable
|-sidestart|p1: Santu|move: Stealth Rock
|
|-heal|p2a: Clefable|61/100 par|[from] item: Leftovers
|upkeep
|turn|4
|inactive|Empo has 180 seconds left.
|inactive|Santu has 150 seconds left.
|inactive|Santu has 120 seconds left.
|
|t:|1717361817
|switch|p1a: Rillaboom|Rillaboom, F|100/100
|-damage|p1a: Rillaboom|88/100|[from] Stealth Rock
|-fieldstart|move: Grassy Terrain|[from] ability: Grassy Surge|[of] p1a: Rillaboom
|move|p2a: Clefable|Soft-Boiled|p2a: Clefable
|-heal|p2a: Clefable|100/100 par
|
|-heal|p1a: Rillaboom|94/100|[from] Grassy Terrain
|-heal|p1a: Rillaboom|100/100|[from] item: Leftovers
|upkeep
|turn|5
|inactive|Empo has 180 seconds left.
|inactive|Empo has 150 seconds left.
|
|t:|1717361856
|switch|p2a: Tornadus|Tornadus-Therian, M|100/100
|move|p1a: Rillaboom|Knock Off|p2a: Tornadus
|-damage|p2a: Tornadus|64/100
|-enditem|p2a: Tornadus|Heavy-Duty Boots|[from] move: Knock Off|[of] p1a: Rillaboom
|
|upkeep
|turn|6
|inactive|Empo has 150 seconds left.
|inactive|Santu has 90 seconds left.
|inactive|Empo has 120 seconds left.
|
|t:|1717361906
|switch|p1a: Slowking|Slowking, F|100/100
|move|p2a: Tornadus|Hurricane|p1a: Slowking|[miss]
|-miss|p2a: Tornadus|p1a: Slowking
|
|upkeep
|turn|7
|inactive|Empo has 120 seconds left.
|
|t:|1717361932
|move|p2a: Tornadus|Knock Off|p1a: Slowking
|-supereffective|p1a: Slowking
|-damage|p1a: Slowking|70/100
|-enditem|p1a: Slowking|Heavy-Duty Boots|[from] move: Knock Off|[of] p2a: Tornadus
|move|p1a: Slowking|Future Sight|p2a: Tornadus
|-start|p1a: Slowking|move: Future Sight
|
|-heal|p1a: Slowking|76/100|[from] Grassy Terrain
|upkeep
|turn|8
|inactive|Empo has 90 seconds left.
|
|t:|1717361960
|move|p2a: Tornadus|U-turn|p1a: Slowking
|-supereffective|p1a: Slowking
|-crit|p1a: Slowking
|-damage|p1a: Slowking|43/100
|
|t:|1717361962
|switch|p2a: Heatran|Heatran, F|100/100|[from] U-turn
|move|p1a: Slowking|Teleport|p1a: Slowking
|inactive|Santu has 90 seconds left.
|
|t:|1717361967
|switch|p1a: Hippowdon|Hippowdon, M|100/100|[from] Teleport
|-damage|p1a: Hippowdon|94/100|[from] Stealth Rock
|-weather|Sandstorm|[from] ability: Sand Stream|[of] p1a: Hippowdon
|
|-weather|Sandstorm|[upkeep]
|-heal|p1a: Hippowdon|100/100|[from] Grassy Terrain
|-fieldend|move: Grassy Terrain
|upkeep
|turn|9
|
|t:|1717361977
|switch|p2a: Tornadus|Tornadus-Therian, M|97/100
|move|p1a: Hippowdon|Stealth Rock|p2a: Tornadus
|-sidestart|p2: Empo|move: Stealth Rock
|
|-weather|Sandstorm|[upkeep]
|-damage|p2a: Tornadus|91/100|[from] Sandstorm
|-end|p2a: Tornadus|move: Future Sight
|-damage|p2a: Tornadus|52/100
|upkeep
|turn|10
|inactive|Empo has 90 seconds left.
|
|t:|1717362000
|switch|p1a: Clefable|Clefable, F|95/100
|move|p2a: Tornadus|Knock Off|p1a: Clefable
|-resisted|p1a: Clefable
|-damage|p1a: Clefable|89/100
|
|-weather|Sandstorm|[upkeep]
|-damage|p2a: Tornadus|46/100|[from] Sandstorm
|upkeep
|turn|11
|
|t:|1717362015
|move|p2a: Tornadus|U-turn|p1a: Clefable
|-resisted|p1a: Clefable
|-damage|p1a: Clefable|84/100
|
|t:|1717362017
|switch|p2a: Gastrodon|Gastrodon-East, M|100/100|[from] U-turn
|-damage|p2a: Gastrodon|94/100|[from] Stealth Rock
|move|p1a: Clefable|Thunder Wave|p2a: Gastrodon
|-immune|p2a: Gastrodon
|
|-weather|Sandstorm|[upkeep]
|-heal|p2a: Gastrodon|100/100|[from] item: Leftovers
|upkeep
|turn|12
|
|t:|1717362029
|switch|p1a: Tornadus|Tornadus-Therian, M|100/100
|move|p2a: Gastrodon|Toxic|p1a: Tornadus
|-status|p1a: Tornadus|tox
|
|-weather|none
|-damage|p1a: Tornadus|94/100 tox|[from] psn
|upkeep
|turn|13
|
|t:|1717362043
|switch|p2a: Clefable|Clefable, F|100/100 par
|move|p1a: Tornadus|U-turn|p2a: Clefable
|-resisted|p2a: Clefable
|-damage|p2a: Clefable|94/100 par
|
|t:|1717362049
|switch|p1a: Slowking|Slowking, F|76/100|[from] U-turn
|-damage|p1a: Slowking|64/100|[from] Stealth Rock
|
|-heal|p2a: Clefable|99/100 par|[from] item: Leftovers
|upkeep
|turn|14
|
|t:|1717362073
|switch|p2a: Tornadus|Tornadus-Therian, M|80/100
|-damage|p2a: Tornadus|55/100|[from] Stealth Rock
|move|p1a: Slowking|Future Sight|p2a: Tornadus
|-start|p1a: Slowking|move: Future Sight
|
|upkeep
|turn|15
|
|t:|1717362078
|move|p2a: Tornadus|U-turn|p1a: Slowking
|-supereffective|p1a: Slowking
|-damage|p1a: Slowking|44/100
|
|t:|1717362080
|switch|p2a: Heatran|Heatran, F|100/100|[from] U-turn
|-damage|p2a: Heatran|88/100|[from] Stealth Rock
|move|p1a: Slowking|Teleport|p1a: Slowking
|inactive|Santu has 120 seconds left.
|
|t:|1717362085
|switch|p1a: Hippowdon|Hippowdon, M|100/100|[from] Teleport
|-damage|p1a: Hippowdon|94/100|[from] Stealth Rock
|-weather|Sandstorm|[from] ability: Sand Stream|[of] p1a: Hippowdon
|
|-weather|Sandstorm|[upkeep]
|-heal|p2a: Heatran|94/100|[from] item: Leftovers
|-heal|p1a: Hippowdon|100/100|[from] item: Leftovers
|upkeep
|turn|16
|inactive|Santu has 120 seconds left.
|inactive|Santu has 90 seconds left.
|
|t:|1717362131
|move|p2a: Heatran|Protect|p2a: Heatran
|-singleturn|p2a: Heatran|Protect
|move|p1a: Hippowdon|Stealth Rock||[still]
|-fail|p1a: Hippowdon
|
|-weather|Sandstorm|[upkeep]
|-end|p2a: Heatran|move: Future Sight
|-resisted|p2a: Heatran
|-damage|p2a: Heatran|82/100
|-heal|p2a: Heatran|88/100|[from] item: Leftovers
|upkeep
|turn|17
|inactive|Santu has 90 seconds left.
|
|t:|1717362144
|switch|p2a: Clefable|Clefable, F|99/100 par
|switch|p1a: Slowking|Slowking, F|77/100
|-damage|p1a: Slowking|64/100|[from] Stealth Rock
|
|-weather|Sandstorm|[upkeep]
|-damage|p1a: Slowking|58/100|[from] Sandstorm
|-heal|p2a: Clefable|100/100 par|[from] item: Leftovers
|upkeep
|turn|18
|inactive|Santu has 90 seconds left.
|
|t:|1717362151
|move|p2a: Clefable|Moonblast|p1a: Slowking
|-damage|p1a: Slowking|35/100
|move|p1a: Slowking|Future Sight|p2a: Clefable
|-start|p1a: Slowking|move: Future Sight
|
|-weather|Sandstorm|[upkeep]
|-damage|p1a: Slowking|29/100|[from] Sandstorm
|upkeep
|turn|19
|inactive|Santu has 90 seconds left.
|inactive|Empo has 120 seconds left.
|
|t:|1717362175
|move|p2a: Clefable|Moonblast|p1a: Slowking
|-damage|p1a: Slowking|3/100
|move|p1a: Slowking|Slack Off|p1a: Slowking
|-heal|p1a: Slowking|53/100
|
|-weather|none
|upkeep
|turn|20
|inactive|Empo has 120 seconds left.
|
|t:|1717362193
|move|p2a: Clefable|Moonblast|p1a: Slowking
|-crit|p1a: Slowking
|-damage|p1a: Slowking|19/100
|move|p1a: Slowking|Teleport|p1a: Slowking
|
|t:|1717362200
|switch|p1a: Scizor|Scizor, M|100/100|[from] Teleport
|-damage|p1a: Scizor|88/100|[from] Stealth Rock
|
|-end|p2a: Clefable|move: Future Sight
|-damage|p2a: Clefable|69/100 par
|-heal|p1a: Scizor|94/100|[from] item: Leftovers
|-heal|p2a: Clefable|75/100 par|[from] item: Leftovers
|upkeep
|turn|21
|inactive|Empo has 120 seconds left.
|
|t:|1717362212
|switch|p1a: Slowking|Slowking, F|52/100
|-damage|p1a: Slowking|40/100|[from] Stealth Rock
|switch|p2a: Skarmory|Skarmory, M|100/100
|-damage|p2a: Skarmory|88/100|[from] Stealth Rock
|
|upkeep
|turn|22
|inactive|Empo has 120 seconds left.
|inactive|Santu has 90 seconds left.
|inactive|Empo has 90 seconds left.
|
|t:|1717362255
|switch|p2a: Tapu Koko|Tapu Koko|100/100
|-fieldstart|move: Electric Terrain|[from] ability: Electric Surge|[of] p2a: Tapu Koko
|move|p1a: Slowking|Scald|p2a: Tapu Koko
|-damage|p2a: Tapu Koko|57/100
|
|upkeep
|turn|23
|inactive|Empo has 90 seconds left.
|
|t:|1717362270
|switch|p1a: Hippowdon|Hippowdon, M|100/100
|-damage|p1a: Hippowdon|94/100|[from] Stealth Rock
|-weather|Sandstorm|[from] ability: Sand Stream|[of] p1a: Hippowdon
|move|p2a: Tapu Koko|Roost|p2a: Tapu Koko
|-heal|p2a: Tapu Koko|100/100
|-singleturn|p2a: Tapu Koko|move: Roost
|
|-weather|Sandstorm|[upkeep]
|-damage|p2a: Tapu Koko|95/100|[from] Sandstorm
|-heal|p1a: Hippowdon|100/100|[from] item: Leftovers
|upkeep
|turn|24
|inactive|Santu has 90 seconds left.
|
|t:|1717362300
|switch|p2a: Tornadus|Tornadus-Therian, M|88/100
|-damage|p2a: Tornadus|63/100|[from] Stealth Rock
|switch|p1a: Slowking|Slowking, F|73/100
|-damage|p1a: Slowking|60/100|[from] Stealth Rock
|
|-weather|Sandstorm|[upkeep]
|-damage|p2a: Tornadus|57/100|[from] Sandstorm
|-damage|p1a: Slowking|54/100|[from] Sandstorm
|upkeep
|turn|25
|inactive|Empo has 90 seconds left.
|
|t:|1717362315
|move|p2a: Tornadus|Hurricane|p1a: Slowking
|-damage|p1a: Slowking|25/100
|-start|p1a: Slowking|confusion
|-activate|p1a: Slowking|confusion
|move|p1a: Slowking|Slack Off|p1a: Slowking
|-heal|p1a: Slowking|75/100
|
|-weather|Sandstorm|[upkeep]
|-damage|p2a: Tornadus|51/100|[from] Sandstorm
|-damage|p1a: Slowking|69/100|[from] Sandstorm
|upkeep
|turn|26
|inactive|Empo has 90 seconds left.
|
|t:|1717362333
|move|p2a: Tornadus|Hurricane|p1a: Slowking|[miss]
|-miss|p2a: Tornadus|p1a: Slowking
|-end|p1a: Slowking|confusion
|move|p1a: Slowking|Slack Off|p1a: Slowking
|-heal|p1a: Slowking|100/100
|
|-weather|Sandstorm|[upkeep]
|-damage|p2a: Tornadus|45/100|[from] Sandstorm
|-damage|p1a: Slowking|94/100|[from] Sandstorm
|-fieldend|move: Electric Terrain
|upkeep
|turn|27
|inactive|Empo has 90 seconds left.
|
|t:|1717362345
|move|p2a: Tornadus|U-turn|p1a: Slowking
|-supereffective|p1a: Slowking
|-damage|p1a: Slowking|72/100
|inactive|Empo has 90 seconds left.
|
|t:|1717362352
|switch|p2a: Gastrodon|Gastrodon-East, M|100/100|[from] U-turn
|-damage|p2a: Gastrodon|94/100|[from] Stealth Rock
|move|p1a: Slowking|Future Sight|p2a: Gastrodon
|-start|p1a: Slowking|move: Future Sight
|
|-weather|none
|-heal|p2a: Gastrodon|100/100|[from] item: Leftovers
|upkeep
|turn|28
|inactive|Santu has 90 seconds left.
|
|t:|1717362358
|switch|p2a: Heatran|Heatran, F|88/100
|-damage|p2a: Heatran|76/100|[from] Stealth Rock
|switch|p1a: Tornadus|Tornadus-Therian, M|100/100 tox
|
|-heal|p2a: Heatran|82/100|[from] item: Leftovers
|-damage|p1a: Tornadus|94/100 tox|[from] psn
|upkeep
|turn|29
|inactive|Santu has 90 seconds left.
|inactive|Empo has 90 seconds left.
|
|t:|1717362383
|switch|p1a: Hippowdon|Hippowdon, M|100/100
|-damage|p1a: Hippowdon|94/100|[from] Stealth Rock
|-weather|Sandstorm|[from] ability: Sand Stream|[of] p1a: Hippowdon
|move|p2a: Heatran|Protect||[still]
|-fail|p2a: Heatran
|
|-weather|Sandstorm|[upkeep]
|-end|p2a: Heatran|move: Future Sight
|-resisted|p2a: Heatran
|-damage|p2a: Heatran|69/100
|-heal|p2a: Heatran|75/100|[from] item: Leftovers
|-heal|p1a: Hippowdon|100/100|[from] item: Leftovers
|upkeep
|turn|30
|inactive|Empo has 90 seconds left.
|
|t:|1717362400
|switch|p2a: Clefable|Clefable, F|75/100 par
|move|p1a: Hippowdon|Stealth Rock||[still]
|-fail|p1a: Hippowdon
|
|-weather|Sandstorm|[upkeep]
|-heal|p2a: Clefable|81/100 par|[from] item: Leftovers
|upkeep
|turn|31
|
|t:|1717362412
|switch|p1a: Slowking|Slowking, F|100/100
|-damage|p1a: Slowking|88/100|[from] Stealth Rock
|move|p2a: Clefable|Knock Off|p1a: Slowking
|-supereffective|p1a: Slowking
|-damage|p1a: Slowking|72/100
|
|-weather|Sandstorm|[upkeep]
|-damage|p1a: Slowking|66/100|[from] Sandstorm
|-heal|p2a: Clefable|87/100 par|[from] item: Leftovers
|upkeep
|turn|32
|inactive|Empo has 90 seconds left.
|
|t:|1717362418
|move|p2a: Clefable|Moonblast|p1a: Slowking
|-damage|p1a: Slowking|42/100
|move|p1a: Slowking|Slack Off|p1a: Slowking
|-heal|p1a: Slowking|92/100
|
|-weather|Sandstorm|[upkeep]
|-damage|p1a: Slowking|86/100|[from] Sandstorm
|-heal|p2a: Clefable|93/100 par|[from] item: Leftovers
|upkeep
|turn|33
|inactive|Empo has 90 seconds left.
|
|t:|1717362444
|move|p2a: Clefable|Moonblast|p1a: Slowking
|-damage|p1a: Slowking|62/100
|move|p1a: Slowking|Future Sight|p2a: Clefable
|-start|p1a: Slowking|move: Future Sight
|
|-weather|none
|-heal|p2a: Clefable|99/100 par|[from] item: Leftovers
|upkeep
|turn|34
|inactive|Santu has 90 seconds left.
|inactive|Empo has 60 seconds left.
|inactive|Santu has 60 seconds left.
|
|t:|1717362507
|move|p2a: Clefable|Moonblast|p1a: Slowking
|-damage|p1a: Slowking|40/100
|move|p1a: Slowking|Teleport|p1a: Slowking
|inactive|Santu has 30 seconds left.
|
|t:|1717362524
|switch|p1a: Rillaboom|Rillaboom, F|100/100|[from] Teleport
|-damage|p1a: Rillaboom|88/100|[from] Stealth Rock
|-fieldstart|move: Grassy Terrain|[from] ability: Grassy Surge|[of] p1a: Rillaboom
|
|-heal|p1a: Rillaboom|94/100|[from] Grassy Terrain
|-heal|p1a: Rillaboom|100/100|[from] item: Leftovers
|-heal|p2a: Clefable|100/100 par|[from] Grassy Terrain
|upkeep
|turn|35
|inactive|Empo has 60 seconds left.
|
|t:|1717362567
|switch|p2a: Tornadus|Tornadus-Therian, M|78/100
|-damage|p2a: Tornadus|53/100|[from] Stealth Rock
|move|p1a: Rillaboom|Swords Dance|p1a: Rillaboom
|-boost|p1a: Rillaboom|atk|2
|
|-end|p2a: Tornadus|move: Future Sight
|-damage|p2a: Tornadus|9/100
|upkeep
|turn|36
|
|t:|1717362580
|switch|p2a: Skarmory|Skarmory, M|88/100
|-damage|p2a: Skarmory|76/100|[from] Stealth Rock
|move|p1a: Rillaboom|Grassy Glide|p2a: Skarmory
|-resisted|p2a: Skarmory
|-damage|p2a: Skarmory|62/100
|-damage|p1a: Rillaboom|84/100|[from] item: Rocky Helmet|[of] p2a: Skarmory
|
|-heal|p1a: Rillaboom|90/100|[from] Grassy Terrain
|-heal|p1a: Rillaboom|97/100|[from] item: Leftovers
|upkeep
|turn|37
|inactive|Santu has 30 seconds left.
|inactive|Santu has 20 seconds left.
|inactive|Empo has 30 seconds left.
|inactive|Empo has 20 seconds left.
|
|t:|1717362616
|move|p1a: Rillaboom|Swords Dance|p1a: Rillaboom
|-boost|p1a: Rillaboom|atk|2
|move|p2a: Skarmory|Roost|p2a: Skarmory
|-heal|p2a: Skarmory|100/100
|-singleturn|p2a: Skarmory|move: Roost
|
|-heal|p1a: Rillaboom|100/100|[from] Grassy Terrain
|upkeep
|turn|38
|inactive|Santu has 30 seconds left this turn.
|inactive|Empo has 30 seconds left this turn.
|
|t:|1717362623
|move|p1a: Rillaboom|Knock Off|p2a: Skarmory
|-damage|p2a: Skarmory|42/100
|-damage|p1a: Rillaboom|84/100|[from] item: Rocky Helmet|[of] p2a: Skarmory
|-enditem|p2a: Skarmory|Rocky Helmet|[from] move: Knock Off|[of] p1a: Rillaboom
|move|p2a: Skarmory|Roost|p2a: Skarmory
|-heal|p2a: Skarmory|92/100
|-singleturn|p2a: Skarmory|move: Roost
|
|-heal|p1a: Rillaboom|90/100|[from] Grassy Terrain
|-heal|p1a: Rillaboom|97/100|[from] item: Leftovers
|-heal|p2a: Skarmory|98/100|[from] Grassy Terrain
|-fieldend|move: Grassy Terrain
|upkeep
|turn|39
|inactive|Empo has 30 seconds left.
|inactive|Empo has 20 seconds left.
|inactive|Empo has 15 seconds left.
|
|t:|1717362643
|move|p1a: Rillaboom|Knock Off|p2a: Skarmory
|-damage|p2a: Skarmory|59/100
|move|p2a: Skarmory|Roost|p2a: Skarmory
|-heal|p2a: Skarmory|100/100
|-singleturn|p2a: Skarmory|move: Roost
|
|-heal|p1a: Rillaboom|100/100|[from] item: Leftovers
|upkeep
|turn|40
|inactive|Empo has 25 seconds left this turn.
|
|t:|1717362647
|move|p1a: Rillaboom|Knock Off|p2a: Skarmory
|-damage|p2a: Skarmory|60/100
|move|p2a: Skarmory|Iron Defense|p2a: Skarmory
|-boost|p2a: Skarmory|def|2
|
|upkeep
|turn|41
|inactive|Empo has 30 seconds left.
|
|t:|1717362658
|switch|p1a: Tornadus|Tornadus-Therian, M|100/100 tox
|move|p2a: Skarmory|Roost|p2a: Skarmory
|-heal|p2a: Skarmory|100/100
|-singleturn|p2a: Skarmory|move: Roost
|
|-damage|p1a: Tornadus|94/100 tox|[from] psn
|upkeep
|turn|42
|inactive|Empo has 30 seconds left.
|
|t:|1717362671
|switch|p2a: Gastrodon|Gastrodon-East, M|100/100
|-damage|p2a: Gastrodon|94/100|[from] Stealth Rock
|move|p1a: Tornadus|U-turn|p2a: Gastrodon
|-damage|p2a: Gastrodon|80/100
|
|t:|1717362674
|switch|p1a: Slowking|Slowking, F|74/100|[from] U-turn
|-damage|p1a: Slowking|61/100|[from] Stealth Rock
|
|-heal|p2a: Gastrodon|86/100|[from] item: Leftovers
|upkeep
|turn|43
|
|t:|1717362676
|switch|p1a: Tornadus|Tornadus-Therian, M|100/100 tox
|move|p2a: Gastrodon|Toxic|p1a: Tornadus
|-fail|p1a: Tornadus|tox
|
|-heal|p2a: Gastrodon|92/100|[from] item: Leftovers
|-damage|p1a: Tornadus|94/100 tox|[from] psn
|upkeep
|turn|44
|
|t:|1717362685
|move|p1a: Tornadus|U-turn|p2a: Gastrodon
|-damage|p2a: Gastrodon|76/100
|
|t:|1717362690
|switch|p1a: Slowking|Slowking, F|94/100|[from] U-turn
|-damage|p1a: Slowking|82/100|[from] Stealth Rock
|move|p2a: Gastrodon|Toxic|p1a: Slowking
|-status|p1a: Slowking|tox
|
|-heal|p2a: Gastrodon|82/100|[from] item: Leftovers
|-damage|p1a: Slowking|76/100 tox|[from] psn
|upkeep
|turn|45
|inactive|Empo has 60 seconds left.
|
|t:|1717362706
|switch|p2a: Heatran|Heatran, F|75/100
|-damage|p2a: Heatran|62/100|[from] Stealth Rock
|move|p1a: Slowking|Scald|p2a: Heatran
|-supereffective|p2a: Heatran
|-damage|p2a: Heatran|26/100
|
|-heal|p2a: Heatran|32/100|[from] item: Leftovers
|-damage|p1a: Slowking|64/100 tox|[from] psn
|upkeep
|turn|46
|inactive|Empo has 60 seconds left.
|inactive|Santu has 60 seconds left.
|inactive|Empo has 30 seconds left.
|
|t:|1717362756
|switch|p1a: Hippowdon|Hippowdon, M|100/100
|-damage|p1a: Hippowdon|94/100|[from] Stealth Rock
|-weather|Sandstorm|[from] ability: Sand Stream|[of] p1a: Hippowdon
|move|p2a: Heatran|Protect||[still]
|-fail|p2a: Heatran
|
|-weather|Sandstorm|[upkeep]
|-heal|p2a: Heatran|38/100|[from] item: Leftovers
|-heal|p1a: Hippowdon|100/100|[from] item: Leftovers
|upkeep
|turn|47
|inactive|Empo has 30 seconds left.
|
|t:|1717362767
|move|p2a: Heatran|Protect|p2a: Heatran
|-singleturn|p2a: Heatran|Protect
|move|p1a: Hippowdon|Earthquake|p2a: Heatran
|-activate|p2a: Heatran|move: Protect
|
|-weather|Sandstorm|[upkeep]
|-heal|p2a: Heatran|45/100|[from] item: Leftovers
|upkeep
|turn|48
|inactive|Empo has 30 seconds left.
|inactive|Empo has 20 seconds left.
|
|t:|1717362790
|switch|p2a: Tornadus|Tornadus-Therian, M|42/100
|-damage|p2a: Tornadus|17/100|[from] Stealth Rock
|move|p1a: Hippowdon|Toxic|p2a: Tornadus
|-status|p2a: Tornadus|tox
|
|-weather|Sandstorm|[upkeep]
|-damage|p2a: Tornadus|11/100 tox|[from] Sandstorm
|-damage|p2a: Tornadus|5/100 tox|[from] psn
|upkeep
|turn|49
|inactive|Empo has 30 seconds left this turn.
|inactive|Santu has 30 seconds left.
|
|t:|1717362817
|switch|p1a: Slowking|Slowking, F|97/100 tox
|-damage|p1a: Slowking|85/100 tox|[from] Stealth Rock
|move|p2a: Tornadus|U-turn|p1a: Slowking
|-supereffective|p1a: Slowking
|-damage|p1a: Slowking|61/100 tox
|inactive|Santu has 30 seconds left this turn.
|inactive|Empo has 30 seconds left.
|
|t:|1717362831
|switch|p2a: Heatran|Heatran, F|45/100|[from] U-turn
|-damage|p2a: Heatran|32/100|[from] Stealth Rock
|
|-weather|Sandstorm|[upkeep]
|-damage|p1a: Slowking|55/100 tox|[from] Sandstorm
|-heal|p2a: Heatran|38/100|[from] item: Leftovers
|-damage|p1a: Slowking|48/100 tox|[from] psn
|upkeep
|turn|50
|inactive|Santu has 30 seconds left.
|inactive|Empo has 30 seconds left.
|
|t:|1717362842
|move|p2a: Heatran|Magma Storm|p1a: Slowking
|-resisted|p1a: Slowking
|-damage|p1a: Slowking|31/100 tox
|-activate|p1a: Slowking|move: Magma Storm|[of] p2a: Heatran
|move|p1a: Slowking|Teleport|p1a: Slowking
|
|t:|1717362846
|switch|p1a: Hippowdon|Hippowdon, M|100/100|[from] Teleport
|-damage|p1a: Hippowdon|94/100|[from] Stealth Rock
|
|-weather|none
|-heal|p2a: Heatran|45/100|[from] item: Leftovers
|-heal|p1a: Hippowdon|100/100|[from] item: Leftovers
|upkeep
|turn|51
|inactive|Empo has 30 seconds left.
|
|t:|1717362862
|switch|p2a: Tornadus|Tornadus-Therian, M|38/100 tox
|-damage|p2a: Tornadus|13/100 tox|[from] Stealth Rock
|move|p1a: Hippowdon|Earthquake|p2a: Tornadus
|-immune|p2a: Tornadus
|
|-damage|p2a: Tornadus|7/100 tox|[from] psn
|upkeep
|turn|52
|inactive|Santu has 30 seconds left.
|
|t:|1717362883
|move|p2a: Tornadus|U-turn|p1a: Hippowdon
|-damage|p1a: Hippowdon|91/100
|
|t:|1717362890
|switch|p2a: Clefable|Clefable, F|100/100 par|[from] U-turn
|move|p1a: Hippowdon|Toxic||[still]
|-fail|p1a: Hippowdon
|
|-heal|p1a: Hippowdon|97/100|[from] item: Leftovers
|upkeep
|turn|53
|inactive|Santu has 30 seconds left.
|inactive|Empo has 30 seconds left.
|
|t:|1717362916
|switch|p1a: Clefable|Clefable, F|84/100
|move|p2a: Clefable|Moonblast|p1a: Clefable
|-damage|p1a: Clefable|52/100
|
|upkeep
|turn|54
|inactive|Empo has 30 seconds left.
|
|t:|1717362922
|switch|p2a: Heatran|Heatran, F|45/100
|-damage|p2a: Heatran|32/100|[from] Stealth Rock
|move|p1a: Clefable|Aromatherapy|p1a: Clefable
|-activate|p1a: Clefable|move: Aromatherapy
|-curestatus|p1: Slowking|tox|[msg]
|-curestatus|p1: Tornadus|tox|[msg]
|
|-heal|p2a: Heatran|38/100|[from] item: Leftovers
|upkeep
|turn|55
|inactive|Empo has 30 seconds left.
|inactive|Santu has 30 seconds left.
|inactive|Empo has 20 seconds left.
|
|t:|1717362948
|switch|p1a: Hippowdon|Hippowdon, M|97/100
|-damage|p1a: Hippowdon|91/100|[from] Stealth Rock
|-weather|Sandstorm|[from] ability: Sand Stream|[of] p1a: Hippowdon
|move|p2a: Heatran|Magma Storm|p1a: Hippowdon|[miss]
|-miss|p2a: Heatran|p1a: Hippowdon
|
|-weather|Sandstorm|[upkeep]
|-heal|p2a: Heatran|45/100|[from] item: Leftovers
|-heal|p1a: Hippowdon|97/100|[from] item: Leftovers
|upkeep
|turn|56
|inactive|Empo has 30 seconds left this turn.
|inactive|Empo has 20 seconds left.
|
|t:|1717362959
|switch|p2a: Tornadus|Tornadus-Therian, M|41/100 tox
|-damage|p2a: Tornadus|16/100 tox|[from] Stealth Rock
|move|p1a: Hippowdon|Stealth Rock||[still]
|-fail|p1a: Hippowdon
|
|-weather|Sandstorm|[upkeep]
|-damage|p2a: Tornadus|10/100 tox|[from] Sandstorm
|-heal|p1a: Hippowdon|100/100|[from] item: Leftovers
|-damage|p2a: Tornadus|4/100 tox|[from] psn
|upkeep
|turn|57
|inactive|Empo has 30 seconds left this turn.
|
|t:|1717362969
|move|p2a: Tornadus|U-turn|p1a: Hippowdon
|-damage|p1a: Hippowdon|90/100
|
|t:|1717362974
|switch|p2a: Skarmory|Skarmory, M|100/100|[from] U-turn
|-damage|p2a: Skarmory|88/100|[from] Stealth Rock
|move|p1a: Hippowdon|Stealth Rock||[still]
|-fail|p1a: Hippowdon
|
|-weather|Sandstorm|[upkeep]
|-heal|p1a: Hippowdon|96/100|[from] item: Leftovers
|upkeep
|turn|58
|
|t:|1717362983
|switch|p1a: Slowking|Slowking, F|64/100
|-damage|p1a: Slowking|52/100|[from] Stealth Rock
|move|p2a: Skarmory|Spikes|p1a: Slowking
|-sidestart|p1: Santu|Spikes
|
|-weather|Sandstorm|[upkeep]
|-damage|p1a: Slowking|45/100|[from] Sandstorm
|upkeep
|turn|59
|
|t:|1717362988
|switch|p2a: Tapu Koko|Tapu Koko|95/100
|-fieldstart|move: Electric Terrain|[from] ability: Electric Surge|[of] p2a: Tapu Koko
|move|p1a: Slowking|Slack Off|p1a: Slowking
|-heal|p1a: Slowking|95/100
|
|-weather|none
|upkeep
|turn|60
|inactive|Santu has 60 seconds left.
|inactive|Empo has 30 seconds left.
|inactive|Empo has 20 seconds left.
|
|t:|1717363029
|switch|p1a: Hippowdon|Hippowdon, M|96/100
|-damage|p1a: Hippowdon|90/100|[from] Stealth Rock
|-damage|p1a: Hippowdon|77/100|[from] Spikes
|-weather|Sandstorm|[from] ability: Sand Stream|[of] p1a: Hippowdon
|move|p2a: Tapu Koko|Thunderbolt|p1a: Hippowdon
|-immune|p1a: Hippowdon
|
|-weather|Sandstorm|[upkeep]
|-damage|p2a: Tapu Koko|89/100|[from] Sandstorm
|-heal|p1a: Hippowdon|84/100|[from] item: Leftovers
|upkeep
|turn|61
|inactive|Empo has 30 seconds left this turn.
|inactive|Empo has 20 seconds left.
|
|t:|1717363050
|switch|p2a: Clefable|Clefable, F|100/100 par
|move|p1a: Hippowdon|Earthquake|p2a: Clefable
|-damage|p2a: Clefable|69/100 par
|
|-weather|Sandstorm|[upkeep]
|-heal|p1a: Hippowdon|90/100|[from] item: Leftovers
|-heal|p2a: Clefable|75/100 par|[from] item: Leftovers
|upkeep
|turn|62
|inactive|Empo has 30 seconds left this turn.
|
|t:|1717363058
|switch|p1a: Slowking|Slowking, F|100/100
|-damage|p1a: Slowking|88/100|[from] Stealth Rock
|-damage|p1a: Slowking|76/100|[from] Spikes
|cant|p2a: Clefable|par
|
|-weather|Sandstorm|[upkeep]
|-damage|p1a: Slowking|70/100|[from] Sandstorm
|-heal|p2a: Clefable|81/100 par|[from] item: Leftovers
|upkeep
|turn|63
|inactive|Empo has 30 seconds left.
|inactive|Empo has 20 seconds left.
|
|t:|1717363073
|move|p2a: Clefable|Moonblast|p1a: Slowking
|-damage|p1a: Slowking|47/100
|move|p1a: Slowking|Future Sight|p2a: Clefable
|-start|p1a: Slowking|move: Future Sight
|
|-weather|Sandstorm|[upkeep]
|-damage|p1a: Slowking|41/100|[from] Sandstorm
|-heal|p2a: Clefable|88/100 par|[from] item: Leftovers
|-fieldend|move: Electric Terrain
|upkeep
|turn|64
|inactive|Empo has 30 seconds left this turn.
|inactive|Empo has 20 seconds left.
|
|t:|1717363086
|switch|p1a: Scizor|Scizor, M|94/100
|-damage|p1a: Scizor|82/100|[from] Stealth Rock
|-damage|p1a: Scizor|69/100|[from] Spikes
|move|p2a: Clefable|Moonblast|p1a: Scizor
|-resisted|p1a: Scizor
|-damage|p1a: Scizor|50/100
|-unboost|p1a: Scizor|spa|1
|
|-weather|none
|-heal|p1a: Scizor|56/100|[from] item: Leftovers
|-heal|p2a: Clefable|94/100 par|[from] item: Leftovers
|upkeep
|turn|65
|inactive|Empo has 30 seconds left this turn.
|inactive|Empo has 20 seconds left.
|
|t:|1717363100
|move|p1a: Scizor|Swords Dance|p1a: Scizor
|-boost|p1a: Scizor|atk|2
|move|p2a: Clefable|Knock Off|p1a: Scizor
|-damage|p1a: Scizor|42/100
|-enditem|p1a: Scizor|Leftovers|[from] move: Knock Off|[of] p2a: Clefable
|
|-end|p2a: Clefable|move: Future Sight
|-damage|p2a: Clefable|59/100 par
|-heal|p2a: Clefable|65/100 par|[from] item: Leftovers
|upkeep
|turn|66
|inactive|Empo has 30 seconds left this turn.
|
|t:|1717363108
|switch|p2a: Skarmory|Skarmory, M|88/100
|-damage|p2a: Skarmory|76/100|[from] Stealth Rock
|move|p1a: Scizor|Knock Off|p2a: Skarmory
|-damage|p2a: Skarmory|51/100
|
|upkeep
|turn|67
|
|t:|1717363110
|move|p2a: Skarmory|Roost|p2a: Skarmory
|-heal|p2a: Skarmory|100/100
|-singleturn|p2a: Skarmory|move: Roost
|move|p1a: Scizor|Roost|p1a: Scizor
|-heal|p1a: Scizor|92/100
|-singleturn|p1a: Scizor|move: Roost
|
|upkeep
|turn|68
|inactive|Empo has 30 seconds left.
|
|t:|1717363127
|switch|p1a: Slowking|Slowking, F|74/100
|-damage|p1a: Slowking|61/100|[from] Stealth Rock
|-damage|p1a: Slowking|49/100|[from] Spikes
|move|p2a: Skarmory|Iron Defense|p2a: Skarmory
|-boost|p2a: Skarmory|def|2
|
|upkeep
|turn|69
|inactive|Empo has 30 seconds left.
|
|t:|1717363139
|switch|p2a: Tapu Koko|Tapu Koko|89/100
|-fieldstart|move: Electric Terrain|[from] ability: Electric Surge|[of] p2a: Tapu Koko
|move|p1a: Slowking|Slack Off|p1a: Slowking
|-heal|p1a: Slowking|99/100
|
|upkeep
|turn|70
|inactive|Empo has 30 seconds left.
|
|t:|1717363151
|move|p2a: Tapu Koko|Dazzling Gleam|p1a: Slowking
|-damage|p1a: Slowking|72/100
|move|p1a: Slowking|Teleport|p1a: Slowking
|
|t:|1717363164
|switch|p1a: Rillaboom|Rillaboom, F|100/100|[from] Teleport
|-damage|p1a: Rillaboom|88/100|[from] Stealth Rock
|-damage|p1a: Rillaboom|76/100|[from] Spikes
|-fieldstart|move: Grassy Terrain|[from] ability: Grassy Surge|[of] p1a: Rillaboom
|
|-heal|p2a: Tapu Koko|95/100|[from] Grassy Terrain
|-heal|p1a: Rillaboom|82/100|[from] Grassy Terrain
|-heal|p1a: Rillaboom|88/100|[from] item: Leftovers
|upkeep
|turn|71
|
|t:|1717363169
|switch|p2a: Skarmory|Skarmory, M|100/100
|-damage|p2a: Skarmory|88/100|[from] Stealth Rock
|move|p1a: Rillaboom|Swords Dance|p1a: Rillaboom
|-boost|p1a: Rillaboom|atk|2
|
|-heal|p1a: Rillaboom|94/100|[from] Grassy Terrain
|-heal|p1a: Rillaboom|100/100|[from] item: Leftovers
|upkeep
|turn|72
|inactive|Santu has 90 seconds left.
|inactive|Empo has 30 seconds left.
|
|t:|1717363201
|move|p1a: Rillaboom|Superpower|p2a: Skarmory
|-damage|p2a: Skarmory|38/100
|-unboost|p1a: Rillaboom|atk|1
|-unboost|p1a: Rillaboom|def|1
|move|p2a: Skarmory|Iron Defense|p2a: Skarmory
|-boost|p2a: Skarmory|def|2
|
|upkeep
|turn|73
|inactive|Empo has 30 seconds left.
|
|t:|1717363212
|switch|p1a: Slowking|Slowking, F|100/100
|-damage|p1a: Slowking|88/100|[from] Stealth Rock
|-damage|p1a: Slowking|76/100|[from] Spikes
|move|p2a: Skarmory|Roost|p2a: Skarmory
|-heal|p2a: Skarmory|88/100
|-singleturn|p2a: Skarmory|move: Roost
|
|-heal|p2a: Skarmory|94/100|[from] Grassy Terrain
|-heal|p1a: Slowking|82/100|[from] Grassy Terrain
|upkeep
|turn|74
|inactive|Empo has 30 seconds left.
|
|t:|1717363232
|switch|p2a: Tapu Koko|Tapu Koko|95/100
|-fieldstart|move: Electric Terrain|[from] ability: Electric Surge|[of] p2a: Tapu Koko
|move|p1a: Slowking|Future Sight|p2a: Tapu Koko
|-start|p1a: Slowking|move: Future Sight
|
|upkeep
|turn|75
|inactive|Empo has 30 seconds left.
|inactive|Santu has 90 seconds left.
|inactive|Empo has 20 seconds left.
|inactive|Santu has 60 seconds left.
|
|t:|1717363294
|move|p2a: Tapu Koko|Dazzling Gleam|p1a: Slowking
|-damage|p1a: Slowking|55/100
|move|p1a: Slowking|Scald|p2a: Tapu Koko
|-damage|p2a: Tapu Koko|52/100
|
|upkeep
|turn|76
|inactive|Empo has 30 seconds left this turn.
|
|t:|1717363300
|switch|p2a: Gastrodon|Gastrodon-East, M|82/100
|-damage|p2a: Gastrodon|76/100|[from] Stealth Rock
|switch|p1a: Rillaboom|Rillaboom, F|100/100
|-damage|p1a: Rillaboom|88/100|[from] Stealth Rock
|-damage|p1a: Rillaboom|76/100|[from] Spikes
|-fieldstart|move: Grassy Terrain|[from] ability: Grassy Surge|[of] p1a: Rillaboom
|
|-end|p2a: Gastrodon|move: Future Sight
|-damage|p2a: Gastrodon|46/100
|-heal|p1a: Rillaboom|82/100|[from] Grassy Terrain
|-heal|p1a: Rillaboom|88/100|[from] item: Leftovers
|-heal|p2a: Gastrodon|52/100|[from] Grassy Terrain
|-heal|p2a: Gastrodon|58/100|[from] item: Leftovers
|upkeep
|turn|77
|inactive|Empo has 30 seconds left.
|inactive|Santu has 60 seconds left.
|inactive|Empo has 20 seconds left.
|
|t:|1717363316
|switch|p2a: Skarmory|Skarmory, M|94/100
|-damage|p2a: Skarmory|82/100|[from] Stealth Rock
|move|p1a: Rillaboom|Grassy Glide|p2a: Skarmory
|-resisted|p2a: Skarmory
|-damage|p2a: Skarmory|75/100
|
|-heal|p1a: Rillaboom|94/100|[from] Grassy Terrain
|-heal|p1a: Rillaboom|100/100|[from] item: Leftovers
|upkeep
|turn|78
|inactive|Empo has 30 seconds left this turn.
|
|t:|1717363323
|switch|p1a: Slowking|Slowking, F|88/100
|-damage|p1a: Slowking|76/100|[from] Stealth Rock
|-damage|p1a: Slowking|63/100|[from] Spikes
|move|p2a: Skarmory|Roost|p2a: Skarmory
|-heal|p2a: Skarmory|100/100
|-singleturn|p2a: Skarmory|move: Roost
|
|-heal|p1a: Slowking|69/100|[from] Grassy Terrain
|upkeep
|turn|79
|inactive|Empo has 30 seconds left.
|inactive|Empo has 20 seconds left.
|
|t:|1717363343
|switch|p2a: Tapu Koko|Tapu Koko|52/100
|-fieldstart|move: Electric Terrain|[from] ability: Electric Surge|[of] p2a: Tapu Koko
|move|p1a: Slowking|Future Sight|p2a: Tapu Koko
|-start|p1a: Slowking|move: Future Sight
|
|upkeep
|turn|80
|inactive|Empo has 30 seconds left this turn.
|inactive|Empo has 20 seconds left.
|inactive|Empo has 15 seconds left.
|
|t:|1717363359
|switch|p1a: Rillaboom|Rillaboom, F|100/100
|-damage|p1a: Rillaboom|88/100|[from] Stealth Rock
|-damage|p1a: Rillaboom|76/100|[from] Spikes
|-fieldstart|move: Grassy Terrain|[from] ability: Grassy Surge|[of] p1a: Rillaboom
|move|p2a: Tapu Koko|Roost|p2a: Tapu Koko
|-heal|p2a: Tapu Koko|100/100
|-singleturn|p2a: Tapu Koko|move: Roost
|
|-heal|p1a: Rillaboom|82/100|[from] Grassy Terrain
|-heal|p1a: Rillaboom|88/100|[from] item: Leftovers
|upkeep
|turn|81
|inactive|Empo has 25 seconds left this turn.
|inactive|Empo has 20 seconds left.
|
|t:|1717363369
|switch|p2a: Tornadus|Tornadus-Therian, M|37/100 tox
|-damage|p2a: Tornadus|12/100 tox|[from] Stealth Rock
|move|p1a: Rillaboom|Swords Dance|p1a: Rillaboom
|-boost|p1a: Rillaboom|atk|2
|
|-end|p2a: Tornadus|move: Future Sight
|-damage|p2a: Tornadus|0 fnt
|faint|p2a: Tornadus
|-heal|p1a: Rillaboom|94/100|[from] Grassy Terrain
|-heal|p1a: Rillaboom|100/100|[from] item: Leftovers
|upkeep
|inactive|Empo has 25 seconds left this turn.
|
|t:|1717363371
|switch|p2a: Skarmory|Skarmory, M|100/100
|-damage|p2a: Skarmory|88/100|[from] Stealth Rock
|turn|82
|inactive|Empo has 30 seconds left.
|
|t:|1717363377
|switch|p1a: Slowking|Slowking, F|100/100
|-damage|p1a: Slowking|88/100|[from] Stealth Rock
|-damage|p1a: Slowking|76/100|[from] Spikes
|move|p2a: Skarmory|Iron Defense|p2a: Skarmory
|-boost|p2a: Skarmory|def|2
|
|-heal|p1a: Slowking|82/100|[from] Grassy Terrain
|upkeep
|turn|83
|
|t:|1717363387
|switch|p2a: Tapu Koko|Tapu Koko|100/100
|-fieldstart|move: Electric Terrain|[from] ability: Electric Surge|[of] p2a: Tapu Koko
|move|p1a: Slowking|Scald|p2a: Tapu Koko
|-damage|p2a: Tapu Koko|57/100
|-status|p2a: Tapu Koko|brn
|
|-damage|p2a: Tapu Koko|51/100 brn|[from] brn
|upkeep
|turn|84
|inactive|Empo has 30 seconds left.
|
|t:|1717363403
|switch|p1a: Hippowdon|Hippowdon, M|90/100
|-damage|p1a: Hippowdon|84/100|[from] Stealth Rock
|-damage|p1a: Hippowdon|71/100|[from] Spikes
|-weather|Sandstorm|[from] ability: Sand Stream|[of] p1a: Hippowdon
|move|p2a: Tapu Koko|Roost|p2a: Tapu Koko
|-heal|p2a: Tapu Koko|100/100 brn
|-singleturn|p2a: Tapu Koko|move: Roost
|
|-weather|Sandstorm|[upkeep]
|-damage|p2a: Tapu Koko|95/100 brn|[from] Sandstorm
|-heal|p1a: Hippowdon|77/100|[from] item: Leftovers
|-damage|p2a: Tapu Koko|89/100 brn|[from] brn
|upkeep
|turn|85
|inactive|Empo has 30 seconds left.
|inactive|Empo has 20 seconds left.
|
|t:|1717363424
|switch|p2a: Clefable|Clefable, F|65/100 par
|move|p1a: Hippowdon|Slack Off|p1a: Hippowdon
|-heal|p1a: Hippowdon|100/100
|
|-weather|Sandstorm|[upkeep]
|-heal|p2a: Clefable|72/100 par|[from] item: Leftovers
|upkeep
|turn|86
|inactive|Empo has 30 seconds left this turn.
|inactive|Empo has 20 seconds left.
|
|t:|1717363435
|switch|p1a: Slowking|Slowking, F|100/100
|-damage|p1a: Slowking|88/100|[from] Stealth Rock
|-damage|p1a: Slowking|76/100|[from] Spikes
|move|p2a: Clefable|Knock Off|p1a: Slowking
|-supereffective|p1a: Slowking
|-damage|p1a: Slowking|59/100
|
|-weather|Sandstorm|[upkeep]
|-damage|p1a: Slowking|53/100|[from] Sandstorm
|-heal|p2a: Clefable|78/100 par|[from] item: Leftovers
|upkeep
|turn|87
|inactive|Empo has 30 seconds left this turn.
|
|t:|1717363438
|move|p2a: Clefable|Moonblast|p1a: Slowking
|-damage|p1a: Slowking|31/100
|move|p1a: Slowking|Slack Off|p1a: Slowking
|-heal|p1a: Slowking|81/100
|
|-weather|Sandstorm|[upkeep]
|-damage|p1a: Slowking|75/100|[from] Sandstorm
|-heal|p2a: Clefable|84/100 par|[from] item: Leftovers
|-fieldend|move: Electric Terrain
|upkeep
|turn|88
|
|t:|1717363444
|move|p2a: Clefable|Moonblast|p1a: Slowking
|-damage|p1a: Slowking|52/100
|move|p1a: Slowking|Future Sight|p2a: Clefable
|-start|p1a: Slowking|move: Future Sight
|
|-weather|none
|-heal|p2a: Clefable|90/100 par|[from] item: Leftovers
|upkeep
|turn|89
|inactive|Empo has 30 seconds left.
|inactive|Empo has 20 seconds left.
|
|t:|1717363470
|move|p2a: Clefable|Moonblast|p1a: Slowking
|-damage|p1a: Slowking|29/100
|move|p1a: Slowking|Teleport|p1a: Slowking
|inactive|Empo has 25 seconds left this turn.
|
|t:|1717363481
|switch|p1a: Rillaboom|Rillaboom, F|100/100|[from] Teleport
|-damage|p1a: Rillaboom|88/100|[from] Stealth Rock
|-damage|p1a: Rillaboom|76/100|[from] Spikes
|-fieldstart|move: Grassy Terrain|[from] ability: Grassy Surge|[of] p1a: Rillaboom
|
|-heal|p1a: Rillaboom|82/100|[from] Grassy Terrain
|-heal|p1a: Rillaboom|88/100|[from] item: Leftovers
|-heal|p2a: Clefable|96/100 par|[from] Grassy Terrain
|-heal|p2a: Clefable|100/100 par|[from] item: Leftovers
|upkeep
|turn|90
|inactive|Empo has 30 seconds left.
|inactive|Santu has 120 seconds left.
|inactive|Empo has 20 seconds left.
|inactive|Empo has 15 seconds left.
|inactive|Empo has 10 seconds left.
|
|t:|1717363507
|switch|p2a: Heatran|Heatran, F|45/100
|-damage|p2a: Heatran|32/100|[from] Stealth Rock
|move|p1a: Rillaboom|Swords Dance|p1a: Rillaboom
|-boost|p1a: Rillaboom|atk|2
|
|-end|p2a: Heatran|move: Future Sight
|-resisted|p2a: Heatran
|-damage|p2a: Heatran|18/100
|-heal|p1a: Rillaboom|94/100|[from] Grassy Terrain
|-heal|p1a: Rillaboom|100/100|[from] item: Leftovers
|-heal|p2a: Heatran|25/100|[from] Grassy Terrain
|-heal|p2a: Heatran|31/100|[from] item: Leftovers
|upkeep
|turn|91
|inactive|Empo has 20 seconds left this turn.
|inactive|Empo has 15 seconds left.
|
|t:|1717363513
|move|p2a: Heatran|Protect|p2a: Heatran
|-singleturn|p2a: Heatran|Protect
|move|p1a: Rillaboom|Knock Off|p2a: Heatran
|-activate|p2a: Heatran|move: Protect
|
|-heal|p2a: Heatran|37/100|[from] Grassy Terrain
|-heal|p2a: Heatran|43/100|[from] item: Leftovers
|upkeep
|turn|92
|inactive|Empo has 25 seconds left this turn.
|inactive|Empo has 20 seconds left.
|inactive|Empo has 15 seconds left.
|inactive|Empo has 10 seconds left.
|inactive|Santu has 120 seconds left.
|
|t:|1717363540
|switch|p2a: Gastrodon|Gastrodon-East, M|58/100
|-damage|p2a: Gastrodon|52/100|[from] Stealth Rock
|move|p1a: Rillaboom|Superpower|p2a: Gastrodon
|-crit|p2a: Gastrodon
|-damage|p2a: Gastrodon|0 fnt
|-unboost|p1a: Rillaboom|atk|1
|-unboost|p1a: Rillaboom|def|1
|faint|p2a: Gastrodon
|
|upkeep
|inactive|Empo has 15 seconds left this turn.
|
|t:|1717363542
|switch|p2a: Skarmory|Skarmory, M|88/100
|-damage|p2a: Skarmory|76/100|[from] Stealth Rock
|turn|93
|inactive|Empo has 25 seconds left this turn.
|inactive|Empo has 20 seconds left.
|inactive|Santu has 120 seconds left.
|
|t:|1717363570
|move|p1a: Rillaboom|Knock Off|p2a: Skarmory
|-damage|p2a: Skarmory|56/100
|move|p2a: Skarmory|Spikes|p1a: Rillaboom
|-sidestart|p1: Santu|Spikes
|
|-fieldend|move: Grassy Terrain
|upkeep
|turn|94
|inactive|Empo has 30 seconds left this turn.
|inactive|Empo has 20 seconds left.
|
|t:|1717363581
|switch|p1a: Tornadus|Tornadus-Therian, M|100/100
|move|p2a: Skarmory|Roost|p2a: Skarmory
|-heal|p2a: Skarmory|100/100
|-singleturn|p2a: Skarmory|move: Roost
|
|upkeep
|turn|95
|inactive|Empo has 30 seconds left this turn.
|
|t:|1717363589
|switch|p2a: Clefable|Clefable, F|100/100 par
|move|p1a: Tornadus|Defog|p2a: Clefable
|-unboost|p2a: Clefable|evasion|1
|-sideend|p2: Empo|Stealth Rock|[from] move: Defog|[of] p1a: Tornadus
|-sideend|p1: Santu|Spikes|[from] move: Defog|[of] p1a: Tornadus
|-sideend|p1: Santu|Stealth Rock|[from] move: Defog|[of] p1a: Tornadus
|
|upkeep
|turn|96
|
|t:|1717363595
|switch|p1a: Slowking|Slowking, F|62/100
|move|p2a: Clefable|Stealth Rock|p1a: Slowking
|-sidestart|p1: Santu|move: Stealth Rock
|
|upkeep
|turn|97
|
|t:|1717363605
|move|p2a: Clefable|Moonblast|p1a: Slowking
|-damage|p1a: Slowking|39/100
|-unboost|p1a: Slowking|spa|1
|move|p1a: Slowking|Slack Off|p1a: Slowking
|-heal|p1a: Slowking|89/100
|
|upkeep
|turn|98
|
|t:|1717363624
|switch|p2a: Heatran|Heatran, F|43/100
|move|p1a: Slowking|Teleport|p1a: Slowking
|
|t:|1717363626
|switch|p1a: Hippowdon|Hippowdon, M|100/100|[from] Teleport
|-damage|p1a: Hippowdon|94/100|[from] Stealth Rock
|-weather|Sandstorm|[from] ability: Sand Stream|[of] p1a: Hippowdon
|
|-weather|Sandstorm|[upkeep]
|-heal|p2a: Heatran|50/100|[from] item: Leftovers
|-heal|p1a: Hippowdon|100/100|[from] item: Leftovers
|upkeep
|turn|99
|
|t:|1717363645
|switch|p2a: Clefable|Clefable, F|100/100 par
|move|p1a: Hippowdon|Stealth Rock|p2a: Clefable
|-sidestart|p2: Empo|move: Stealth Rock
|
|-weather|Sandstorm|[upkeep]
|upkeep
|turn|100
|
|t:|1717363653
|switch|p1a: Slowking|Slowking, F|100/100
|-damage|p1a: Slowking|88/100|[from] Stealth Rock
|move|p2a: Clefable|Knock Off|p1a: Slowking
|-supereffective|p1a: Slowking
|-damage|p1a: Slowking|70/100
|
|-weather|Sandstorm|[upkeep]
|-damage|p1a: Slowking|64/100|[from] Sandstorm
|upkeep
|turn|101
|
|t:|1717363658
|move|p2a: Clefable|Moonblast|p1a: Slowking
|-damage|p1a: Slowking|38/100
|move|p1a: Slowking|Slack Off|p1a: Slowking
|-heal|p1a: Slowking|88/100
|
|-weather|Sandstorm|[upkeep]
|-damage|p1a: Slowking|82/100|[from] Sandstorm
|upkeep
|turn|102
|
|t:|1717363661
|cant|p2a: Clefable|par
|move|p1a: Slowking|Future Sight|p2a: Clefable
|-start|p1a: Slowking|move: Future Sight
|
|-weather|none
|upkeep
|turn|103
|inactive|Santu has 180 seconds left.
|
|t:|1717363669
|move|p2a: Clefable|Moonblast|p1a: Slowking
|-damage|p1a: Slowking|58/100
|move|p1a: Slowking|Scald|p2a: Clefable
|-damage|p2a: Clefable|78/100 par
|
|-heal|p2a: Clefable|84/100 par|[from] item: Leftovers
|upkeep
|turn|104
|
|t:|1717363676
|move|p2a: Clefable|Knock Off|p1a: Slowking
|-supereffective|p1a: Slowking
|-damage|p1a: Slowking|39/100
|move|p1a: Slowking|Teleport|p1a: Slowking
|
|t:|1717363679
|switch|p1a: Rillaboom|Rillaboom, F|100/100|[from] Teleport
|-damage|p1a: Rillaboom|88/100|[from] Stealth Rock
|-fieldstart|move: Grassy Terrain|[from] ability: Grassy Surge|[of] p1a: Rillaboom
|
|-end|p2a: Clefable|move: Future Sight
|-damage|p2a: Clefable|52/100 par
|-heal|p1a: Rillaboom|94/100|[from] Grassy Terrain
|-heal|p1a: Rillaboom|100/100|[from] item: Leftovers
|-heal|p2a: Clefable|58/100 par|[from] Grassy Terrain
|-heal|p2a: Clefable|64/100 par|[from] item: Leftovers
|upkeep
|turn|105
|inactive|Empo has 90 seconds left.
|
|t:|1717363710
|move|p1a: Rillaboom|Swords Dance|p1a: Rillaboom
|-boost|p1a: Rillaboom|atk|2
|cant|p2a: Clefable|par
|
|-heal|p2a: Clefable|70/100 par|[from] Grassy Terrain
|-heal|p2a: Clefable|76/100 par|[from] item: Leftovers
|upkeep
|turn|106
|inactive|Empo has 60 seconds left.
|inactive|Santu has 180 seconds left.
|inactive|Santu has 150 seconds left.
|
|t:|1717363776
|switch|p2a: Skarmory|Skarmory, M|100/100
|-damage|p2a: Skarmory|88/100|[from] Stealth Rock
|move|p1a: Rillaboom|Knock Off|p2a: Skarmory
|-damage|p2a: Skarmory|62/100
|
|upkeep
|turn|107
|inactive|Santu has 150 seconds left.
|inactive|Empo has 60 seconds left.
|
|t:|1717363792
|move|p1a: Rillaboom|Superpower|p2a: Skarmory
|-damage|p2a: Skarmory|15/100
|-unboost|p1a: Rillaboom|atk|1
|-unboost|p1a: Rillaboom|def|1
|move|p2a: Skarmory|Roost|p2a: Skarmory
|-heal|p2a: Skarmory|65/100
|-singleturn|p2a: Skarmory|move: Roost
|
|-heal|p2a: Skarmory|71/100|[from] Grassy Terrain
|upkeep
|turn|108
|inactive|Empo has 60 seconds left.
|
|t:|1717363800
|switch|p1a: Slowking|Slowking, F|72/100
|-damage|p1a: Slowking|60/100|[from] Stealth Rock
|move|p2a: Skarmory|Spikes|p1a: Slowking
|-sidestart|p1: Santu|Spikes
|
|-heal|p1a: Slowking|66/100|[from] Grassy Terrain
|-fieldend|move: Grassy Terrain
|upkeep
|turn|109
|inactive|Empo has 60 seconds left.
|
|t:|1717363811
|switch|p2a: Tapu Koko|Tapu Koko|89/100 brn
|-fieldstart|move: Electric Terrain|[from] ability: Electric Surge|[of] p2a: Tapu Koko
|move|p1a: Slowking|Scald|p2a: Tapu Koko
|-damage|p2a: Tapu Koko|45/100 brn
|
|-damage|p2a: Tapu Koko|39/100 brn|[from] brn
|upkeep
|turn|110
|
|t:|1717363819
|switch|p1a: Rillaboom|Rillaboom, F|100/100
|-damage|p1a: Rillaboom|88/100|[from] Stealth Rock
|-damage|p1a: Rillaboom|76/100|[from] Spikes
|-fieldstart|move: Grassy Terrain|[from] ability: Grassy Surge|[of] p1a: Rillaboom
|move|p2a: Tapu Koko|Roost|p2a: Tapu Koko
|-heal|p2a: Tapu Koko|90/100 brn
|-singleturn|p2a: Tapu Koko|move: Roost
|
|-heal|p2a: Tapu Koko|96/100 brn|[from] Grassy Terrain
|-heal|p1a: Rillaboom|82/100|[from] Grassy Terrain
|-heal|p1a: Rillaboom|88/100|[from] item: Leftovers
|-damage|p2a: Tapu Koko|90/100 brn|[from] brn
|upkeep
|turn|111
|
|t:|1717363821
|switch|p2a: Skarmory|Skarmory, M|71/100
|-damage|p2a: Skarmory|59/100|[from] Stealth Rock
|move|p1a: Rillaboom|Swords Dance|p1a: Rillaboom
|-boost|p1a: Rillaboom|atk|2
|
|-heal|p1a: Rillaboom|94/100|[from] Grassy Terrain
|-heal|p1a: Rillaboom|100/100|[from] item: Leftovers
|upkeep
|turn|112
|
|t:|1717363823
|move|p1a: Rillaboom|Swords Dance|p1a: Rillaboom
|-boost|p1a: Rillaboom|atk|2
|move|p2a: Skarmory|Roost|p2a: Skarmory
|-heal|p2a: Skarmory|100/100
|-singleturn|p2a: Skarmory|move: Roost
|
|upkeep
|turn|113
|inactive|Empo has 90 seconds left.
|inactive|Empo has 60 seconds left.
|
|t:|1717363892
|move|p1a: Rillaboom|Superpower|p2a: Skarmory
|-damage|p2a: Skarmory|30/100
|-unboost|p1a: Rillaboom|atk|1
|-unboost|p1a: Rillaboom|def|1
|move|p2a: Skarmory|Iron Defense|p2a: Skarmory
|-boost|p2a: Skarmory|def|2
|
|upkeep
|turn|114
|inactive|Santu has 180 seconds left.
|inactive|Empo has 30 seconds left.
|inactive|Empo has 20 seconds left.
|inactive|Empo has 15 seconds left.
|inactive|Empo has 10 seconds left.
|inactive|Santu has 150 seconds left.
|
|t:|1717363957
|move|p1a: Rillaboom|Superpower|p2a: Skarmory
|-damage|p2a: Skarmory|0 fnt
|-unboost|p1a: Rillaboom|atk|1
|-unboost|p1a: Rillaboom|def|1
|faint|p2a: Skarmory
|
|-fieldend|move: Grassy Terrain
|upkeep
|inactive|Empo has 15 seconds left this turn.
|inactive|Empo has 10 seconds left.
|
|t:|1717363963
|switch|p2a: Heatran|Heatran, F|50/100
|-damage|p2a: Heatran|37/100|[from] Stealth Rock
|turn|115
|inactive|Empo has 20 seconds left this turn.
|inactive|Empo has 15 seconds left.
|
|t:|1717363972
|move|p1a: Rillaboom|Superpower|p2a: Heatran
|-supereffective|p2a: Heatran
|-damage|p2a: Heatran|0 fnt
|-unboost|p1a: Rillaboom|atk|1
|-unboost|p1a: Rillaboom|def|1
|faint|p2a: Heatran
|
|upkeep
|inactive|Empo has 20 seconds left this turn.
|c|☆Empo|gg
|-message|Empo forfeited.
|
|win|Santu
|inactive|Empo has 25 seconds left this turn.
|c|☆Santu|gg
