|inactive|Battle timer is ON: inactive players will automatically lose when time's up.
|t:|1717364416
|gametype|singles
|player|p1|Empo|#empo|
|player|p2|Santu|#scl3platoon|
|teamsize|p1|6
|teamsize|p2|6
|gen|9
|tier|[Gen 9] OU
|rule|Species Clause: Limit one of each Pokémon
|rule|OHKO Clause: OHKO moves are banned
|rule|Evasion Items Clause: Evasion items are banned
|rule|Evasion Moves Clause: Evasion moves are banned
|rule|Endless Battle Clause: Forcing endless battles is banned
|rule|HP Percentage Mod: HP is shown in percentages
|rule|Sleep Moves Clause: Sleep-inducing moves are banned
|clearpoke
|poke|p1|Clefable, F|
|poke|p1|Gliscor, M|
|poke|p1|Skarmory, M|
|poke|p1|Weavile, M|
|poke|p1|Slowking-Galar, F|
|poke|p1|Darkrai|
|poke|p2|Roaring Moon|
|poke|p2|Kingambit, M|
|poke|p2|Iron Moth|
|poke|p2|Landorus-Therian, M|
|poke|p2|Iron Valiant|
|poke|p2|Kyurem|
|teampreview
|raw|<div class="broadcast-red"><strong>Moderated chat was set to ☆!</strong><br />Only users of rank ☆ and higher can talk.</div>
|c|☆Empo|hf
|c|☆Santu|hf
|inactive|Empo has 270 seconds left.
|inactive|Santu has 270 seconds left.
|inactive|Empo has 240 seconds left.
|inactive|Santu has 240 seconds left.
|inactive|Empo has 210 seconds left.
|inactive|Santu has 210 seconds left.
|inactive|Empo has 180 seconds left.
|
|t:|1717364562
|start
|switch|p1a: Clefable|Clefable, F|100/100
|switch|p2a: Kyurem|Kyurem|100/100
|-ability|p2a: Kyurem|Pressure
|turn|1
|inactive|Empo has 210 seconds left.
|inactive|Empo has 180 seconds left.
|
|t:|1717364609
|switch|p2a: Landorus|Landorus-Therian, M|100/100
|-ability|p2a: Landorus|Intimidate|boost
|-unboost|p1a: Clefable|atk|1
|move|p1a: Clefable|Moonblast|p2a: Landorus
|-damage|p2a: Landorus|65/100
|-unboost|p2a: Landorus|spa|1
|
|upkeep
|turn|2
|inactive|Santu has 270 seconds left.
|inactive|Empo has 180 seconds left.
|
|t:|1717364621
|move|p2a: Landorus|Stealth Rock|p1a: Clefable
|-sidestart|p1: Empo|move: Stealth Rock
|move|p1a: Clefable|Moonblast|p2a: Landorus
|-damage|p2a: Landorus|27/100
|-unboost|p2a: Landorus|spa|1
|
|upkeep
|turn|3
|inactive|Empo has 180 seconds left.
|inactive|Santu has 270 seconds left.
|inactive|Empo has 150 seconds left.
|inactive|Santu has 240 seconds left.
|
|t:|1717364680
|move|p2a: Landorus|U-turn|p1a: Clefable
|-resisted|p1a: Clefable
|-damage|p1a: Clefable|92/100
|
|t:|1717364684
|switch|p2a: Iron Moth|Iron Moth|100/100|[from] U-turn
|-enditem|p2a: Iron Moth|Booster Energy
|-activate|p2a: Iron Moth|ability: Quark Drive|[fromitem]
|-start|p2a: Iron Moth|quarkdrivespe
|move|p1a: Clefable|Moonblast|p2a: Iron Moth
|-resisted|p2a: Iron Moth
|-damage|p2a: Iron Moth|93/100
|
|-heal|p1a: Clefable|98/100|[from] item: Leftovers
|upkeep
|turn|4
|inactive|Santu has 240 seconds left.
|inactive|Empo has 120 seconds left.
|inactive|Santu has 210 seconds left.
|
|t:|1717364732
|switch|p1a: Gliscor|Gliscor, M|100/100
|-damage|p1a: Gliscor|88/100|[from] Stealth Rock
|move|p2a: Iron Moth|Fiery Dance|p1a: Gliscor
|-damage|p1a: Gliscor|54/100
|-boost|p2a: Iron Moth|spa|1
|
|-status|p1a: Gliscor|tox|[from] item: Toxic Orb
|upkeep
|turn|5
|inactive|Santu has 210 seconds left.
|inactive|Empo has 90 seconds left.
|inactive|Santu has 180 seconds left.
|inactive|Empo has 60 seconds left.
|inactive|Santu has 150 seconds left.
|
|t:|1717364806
|move|p2a: Iron Moth|Substitute|p2a: Iron Moth
|-start|p2a: Iron Moth|Substitute
|-damage|p2a: Iron Moth|68/100
|move|p1a: Gliscor|Earthquake|p2a: Iron Moth
|-supereffective|p2a: Iron Moth
|-end|p2a: Iron Moth|Substitute
|
|-heal|p1a: Gliscor|67/100 tox|[from] ability: Poison Heal
|upkeep
|turn|6
|inactive|Empo has 60 seconds left.
|inactive|Santu has 150 seconds left.
|
|t:|1717364817
|move|p2a: Iron Moth|Fiery Dance|p1a: Gliscor
|-damage|p1a: Gliscor|18/100 tox
|move|p1a: Gliscor|Earthquake|p2a: Iron Moth
|-supereffective|p2a: Iron Moth
|-damage|p2a: Iron Moth|0 fnt
|faint|p2a: Iron Moth
|-end|p2a: Iron Moth|Quark Drive|[silent]
|
|-heal|p1a: Gliscor|31/100 tox|[from] ability: Poison Heal
|upkeep
|inactive|Santu has 150 seconds left.
|
|t:|1717364850
|switch|p2a: Iron Valiant|Iron Valiant|100/100
|-enditem|p2a: Iron Valiant|Booster Energy
|-activate|p2a: Iron Valiant|ability: Quark Drive|[fromitem]
|-start|p2a: Iron Valiant|quarkdrivespe
|turn|7
|
|t:|1717364862
|switch|p1a: Slowking|Slowking-Galar, F|100/100
|move|p2a: Iron Valiant|Swords Dance|p2a: Iron Valiant
|-boost|p2a: Iron Valiant|atk|2
|
|upkeep
|turn|8
|inactive|Empo has 60 seconds left.
|inactive|Santu has 120 seconds left.
|inactive|Empo has 30 seconds left.
|inactive|Santu has 90 seconds left.
|
|t:|1717364914
|switch|p1a: Gliscor|Gliscor, M|31/100 tox
|-damage|p1a: Gliscor|18/100 tox|[from] Stealth Rock
|move|p2a: Iron Valiant|Knock Off|p1a: Gliscor
|-damage|p1a: Gliscor|0 fnt
|-enditem|p1a: Gliscor|Toxic Orb|[from] move: Knock Off|[of] p2a: Iron Valiant
|faint|p1a: Gliscor
|
|upkeep
|inactive|Empo has 30 seconds left.
|
|t:|1717364923
|switch|p1a: Clefable|Clefable, F|98/100
|turn|9
|inactive|Empo has 30 seconds left.
|inactive|Santu has 90 seconds left.
|
|t:|1717364947
|-terastallize|p2a: Iron Valiant|Water
|move|p2a: Iron Valiant|Swords Dance|p2a: Iron Valiant
|-boost|p2a: Iron Valiant|atk|2
|move|p1a: Clefable|Moonblast|p2a: Iron Valiant
|-damage|p2a: Iron Valiant|48/100
|-unboost|p2a: Iron Valiant|spa|1
|
|-heal|p1a: Clefable|100/100|[from] item: Leftovers
|upkeep
|turn|10
|inactive|Empo has 30 seconds left.
|inactive|Santu has 90 seconds left.
|inactive|Empo has 20 seconds left.
|inactive|Empo has 15 seconds left.
|
|t:|1717364982
|move|p2a: Iron Valiant|Liquidation|p1a: Clefable
|-damage|p1a: Clefable|1/100
|move|p1a: Clefable|Moonblast|p2a: Iron Valiant
|-damage|p2a: Iron Valiant|0 fnt
|faint|p2a: Iron Valiant
|-end|p2a: Iron Valiant|Quark Drive|[silent]
|
|-heal|p1a: Clefable|7/100|[from] item: Leftovers
|upkeep
|inactive|Empo has 20 seconds left this turn.
|inactive|Santu has 60 seconds left.
|
|t:|1717365019
|switch|p2a: Kyurem|Kyurem|100/100
|-ability|p2a: Kyurem|Pressure
|turn|11
|inactive|Empo has 30 seconds left this turn.
|
|t:|1717365026
|switch|p1a: Slowking|Slowking-Galar, F|100/100
|move|p2a: Kyurem|Earth Power|p1a: Slowking
|-supereffective|p1a: Slowking
|-damage|p1a: Slowking|68/100
|
|upkeep
|turn|12
|inactive|Empo has 30 seconds left.
|inactive|Empo has 20 seconds left.
|
|t:|1717365050
|move|p2a: Kyurem|Earth Power|p1a: Slowking
|-supereffective|p1a: Slowking
|-damage|p1a: Slowking|31/100
|move|p1a: Slowking|Thunder Wave|p2a: Kyurem
|-status|p2a: Kyurem|par
|
|upkeep
|turn|13
|inactive|Empo has 30 seconds left this turn.
|inactive|Empo has 20 seconds left.
|inactive|Empo has 15 seconds left.
|
|t:|1717365073
|move|p2a: Kyurem|Earth Power|p1a: Slowking
|-supereffective|p1a: Slowking
|-damage|p1a: Slowking|0 fnt
|faint|p1a: Slowking
|
|upkeep
|inactive|Empo has 20 seconds left this turn.
|inactive|Empo has 15 seconds left.
|
|t:|1717365080
|switch|p1a: Clefable|Clefable, F|7/100
|turn|14
|inactive|Empo has 25 seconds left this turn.
|
|t:|1717365084
|switch|p2a: Kingambit|Kingambit, M|100/100
|-activate|p2a: Kingambit|ability: Supreme Overlord
|-start|p2a: Kingambit|fallen2|[silent]
|move|p1a: Clefable|Moonblast|p2a: Kingambit
|-damage|p2a: Kingambit|72/100
|-unboost|p2a: Kingambit|spa|1
|
|-heal|p1a: Clefable|13/100|[from] item: Leftovers
|-heal|p2a: Kingambit|78/100|[from] item: Leftovers
|upkeep
|turn|15
|inactive|Empo has 30 seconds left.
|
|t:|1717365103
|switch|p1a: Darkrai|Darkrai|100/100
|move|p2a: Kingambit|Kowtow Cleave|p1a: Darkrai
|-resisted|p1a: Darkrai
|-damage|p1a: Darkrai|65/100
|
|-heal|p2a: Kingambit|84/100|[from] item: Leftovers
|upkeep
|turn|16
|inactive|Empo has 30 seconds left.
|
|t:|1717365111
|-end|p2a: Kingambit|fallen2|[silent]
|switch|p2a: Landorus|Landorus-Therian, M|27/100
|-ability|p2a: Landorus|Intimidate|boost
|-unboost|p1a: Darkrai|atk|1
|move|p1a: Darkrai|Will-O-Wisp|p2a: Landorus
|-status|p2a: Landorus|brn
|
|-damage|p2a: Landorus|21/100 brn|[from] brn
|upkeep
|turn|17
|inactive|Santu has 30 seconds left.
|
|t:|1717365143
|switch|p2a: Kingambit|Kingambit, M|84/100
|-activate|p2a: Kingambit|ability: Supreme Overlord
|-start|p2a: Kingambit|fallen2|[silent]
|move|p1a: Darkrai|Dark Pulse|p2a: Kingambit
|-resisted|p2a: Kingambit
|-damage|p2a: Kingambit|65/100
|
|-heal|p2a: Kingambit|71/100|[from] item: Leftovers
|upkeep
|turn|18
|inactive|Santu has 30 seconds left.
|inactive|Santu has 20 seconds left.
|
|t:|1717365165
|-end|p2a: Kingambit|fallen2|[silent]
|switch|p2a: Kyurem|Kyurem|100/100 par
|-ability|p2a: Kyurem|Pressure
|move|p1a: Darkrai|Dark Pulse|p2a: Kyurem
|-damage|p2a: Kyurem|80/100 par
|
|upkeep
|turn|19
|inactive|Santu has 30 seconds left this turn.
|inactive|Empo has 30 seconds left.
|
|t:|1717365191
|move|p1a: Darkrai|Dark Pulse|p2a: Kyurem
|-damage|p2a: Kyurem|58/100 par
|move|p2a: Kyurem|Draco Meteor|p1a: Darkrai
|-damage|p1a: Darkrai|0 fnt
|-unboost|p2a: Kyurem|spa|2
|faint|p1a: Darkrai
|
|upkeep
|inactive|Santu has 30 seconds left this turn.
|inactive|Empo has 30 seconds left.
|
|t:|1717365199
|switch|p1a: Weavile|Weavile, M|100/100
|-ability|p1a: Weavile|Pressure
|turn|20
|inactive|Empo has 30 seconds left.
|inactive|Santu has 30 seconds left.
|inactive|Santu has 20 seconds left.
|inactive|Santu has 15 seconds left.
|
|t:|1717365227
|switch|p2a: Kingambit|Kingambit, M|71/100
|-activate|p2a: Kingambit|ability: Supreme Overlord
|-start|p2a: Kingambit|fallen2|[silent]
|move|p1a: Weavile|Swords Dance|p1a: Weavile
|-boost|p1a: Weavile|atk|2
|
|-heal|p2a: Kingambit|77/100|[from] item: Leftovers
|upkeep
|turn|21
|inactive|Santu has 25 seconds left this turn.
|inactive|Empo has 30 seconds left.
|inactive|Santu has 20 seconds left.
|inactive|Santu has 15 seconds left.
|
|t:|1717365240
|move|p1a: Weavile|Knock Off|p2a: Kingambit
|-resisted|p2a: Kingambit
|-damage|p2a: Kingambit|44/100
|-enditem|p2a: Kingambit|Leftovers|[from] move: Knock Off|[of] p1a: Weavile
|move|p2a: Kingambit|Iron Head|p1a: Weavile
|-supereffective|p1a: Weavile
|-damage|p1a: Weavile|0 fnt
|faint|p1a: Weavile
|
|upkeep
|inactive|Santu has 20 seconds left this turn.
|
|t:|1717365242
|switch|p1a: Skarmory|Skarmory, M|100/100
|-damage|p1a: Skarmory|88/100|[from] Stealth Rock
|turn|22
|inactive|Santu has 30 seconds left this turn.
|
|t:|1717365248
|-end|p2a: Kingambit|fallen2|[silent]
|switch|p2a: Roaring Moon|Roaring Moon|100/100
|-enditem|p2a: Roaring Moon|Booster Energy
|-activate|p2a: Roaring Moon|ability: Protosynthesis|[fromitem]
|-start|p2a: Roaring Moon|protosynthesisatk
|move|p1a: Skarmory|Iron Defense|p1a: Skarmory
|-boost|p1a: Skarmory|def|2
|
|upkeep
|turn|23
|inactive|Santu has 30 seconds left.
|inactive|Santu has 20 seconds left.
|inactive|Santu has 15 seconds left.
|inactive|Empo has 30 seconds left.
|
|t:|1717365277
|move|p2a: Roaring Moon|Taunt|p1a: Skarmory
|-start|p1a: Skarmory|move: Taunt
|move|p1a: Skarmory|Body Press|p2a: Roaring Moon
|-supereffective|p2a: Roaring Moon
|-damage|p2a: Roaring Moon|0 fnt
|faint|p2a: Roaring Moon
|-end|p2a: Roaring Moon|Protosynthesis|[silent]
|
|upkeep
|inactive|Santu has 20 seconds left this turn.
|
|t:|1717365280
|switch|p2a: Kyurem|Kyurem|58/100 par
|-ability|p2a: Kyurem|Pressure
|turn|24
|inactive|Santu has 30 seconds left this turn.
|
|t:|1717365283
|switch|p2a: Landorus|Landorus-Therian, M|21/100 brn
|-ability|p2a: Landorus|Intimidate|boost
|-unboost|p1a: Skarmory|atk|1
|move|p1a: Skarmory|Body Press|p2a: Landorus
|-resisted|p2a: Landorus
|-damage|p2a: Landorus|0 fnt
|-damage|p1a: Skarmory|72/100|[from] item: Rocky Helmet|[of] p2a: Landorus
|faint|p2a: Landorus
|
|upkeep
|
|t:|1717365284
|switch|p2a: Kyurem|Kyurem|58/100 par
|-ability|p2a: Kyurem|Pressure
|turn|25
|
|t:|1717365287
|move|p1a: Skarmory|Body Press|p2a: Kyurem
|-supereffective|p2a: Kyurem
|-damage|p2a: Kyurem|0 fnt
|faint|p2a: Kyurem
|
|-end|p1a: Skarmory|move: Taunt
|upkeep
|
|t:|1717365293
|switch|p2a: Kingambit|Kingambit, M|44/100
|-activate|p2a: Kingambit|ability: Supreme Overlord
|-start|p2a: Kingambit|fallen5|[silent]
|turn|26
|
|t:|1717365297
|move|p2a: Kingambit|Sucker Punch|p1a: Skarmory
|-damage|p1a: Skarmory|55/100
|-damage|p2a: Kingambit|27/100|[from] item: Rocky Helmet|[of] p1a: Skarmory
|move|p1a: Skarmory|Body Press|p2a: Kingambit
|-supereffective|p2a: Kingambit
|-damage|p2a: Kingambit|0 fnt
|faint|p2a: Kingambit
|-end|p2a: Kingambit|fallen5|[silent]
|
|win|Empo
|c|☆Empo|ggs
|c|☆Santu|gg
|player|p1|
