|inactive|Battle timer is ON: inactive players will automatically lose when time's up.
|player|p1|Empo|swimmer-gen4dp|
|player|p2|blarghlfarghl|#splxiclassiest|
|teamsize|p1|6
|teamsize|p2|6
|gametype|singles
|gen|8
|tier|[Gen 8] OU
|clearpoke
|poke|p1|Dugtrio, F|
|poke|p1|Rotom-Heat|
|poke|p1|Clefable, M|
|poke|p1|Hippowdon, F|
|poke|p1|Corviknight, F|
|poke|p1|Toxapex, M|
|poke|p2|Zeraora|
|poke|p2|Clefable, F|
|poke|p2|Gengar, M|
|poke|p2|Rotom-Heat|
|poke|p2|Ferrothorn, M|
|poke|p2|Mandibuzz, F|
|rule|Sleep Clause Mod: Limit one foe put to sleep
|rule|Species Clause: Limit one of each Pokémon
|rule|OHKO Clause: OHKO moves are banned
|rule|Evasion Moves Clause: Evasion moves are banned
|rule|Endless Battle Clause: Forcing endless battles is banned
|rule|HP Percentage Mod: HP is shown in percentages
|rule|Dynamax Clause: You cannot dynamax
|teampreview
|raw|<div class="broadcast-red"><strong>Moderated chat was set to ☆!</strong><br />Only users of rank ☆ and higher can talk.</div>
|c|☆blarghlfarghl|do fun. empoor
|c|☆Empo|u2
|inactive|Empo has 270 seconds left.
|inactive|blarghlfarghl has 270 seconds left.
|inactive|Empo has 240 seconds left.
|inactive|blarghlfarghl has 240 seconds left.
|
|start
|switch|p1a: Clefable|Clefable, M|100/100
|switch|p2a: wcop ima|Ferrothorn, M|100/100
|turn|1
|inactive|blarghlfarghl has 270 seconds left.
|
|switch|p2a: black ima|Gengar, M|100/100
|move|p1a: Clefable|Knock Off|p2a: black ima
|-supereffective|p2a: black ima
|-damage|p2a: black ima|40/100
|-enditem|p2a: black ima|Black Sludge|[from] move: Knock Off|[of] p1a: Clefable
|
|upkeep
|turn|2
|inactive|blarghlfarghl has 240 seconds left.
|inactive|Empo has 270 seconds left.
|inactive|blarghlfarghl has 210 seconds left.
|
|switch|p2a: wcop ima|Ferrothorn, M|100/100
|move|p1a: Clefable|Knock Off|p2a: wcop ima
|-damage|p2a: wcop ima|91/100
|-activate|p2a: wcop ima|ability: Iron Barbs
|-enditem|p2a: wcop ima|Leftovers|[from] move: Knock Off|[of] p1a: Clefable
|
|upkeep
|turn|3
|inactive|Empo has 240 seconds left.
|
|move|p1a: Clefable|Calm Mind|p1a: Clefable
|-boost|p1a: Clefable|spa|1
|-boost|p1a: Clefable|spd|1
|move|p2a: wcop ima|Knock Off|p1a: Clefable
|-resisted|p1a: Clefable
|-damage|p1a: Clefable|89/100
|-enditem|p1a: Clefable|Leftovers|[from] move: Knock Off|[of] p2a: wcop ima
|
|upkeep
|turn|4
|
|switch|p2a: fat ima (old ima)|Clefable, F|100/100
|move|p1a: Clefable|Moonblast|p2a: fat ima (old ima)
|-damage|p2a: fat ima (old ima)|68/100
|
|-heal|p2a: fat ima (old ima)|74/100|[from] item: Leftovers
|upkeep
|turn|5
|
|move|p1a: Clefable|Knock Off|p2a: fat ima (old ima)
|-resisted|p2a: fat ima (old ima)
|-damage|p2a: fat ima (old ima)|65/100
|-enditem|p2a: fat ima (old ima)|Leftovers|[from] move: Knock Off|[of] p1a: Clefable
|move|p2a: fat ima (old ima)|Teleport|p2a: fat ima (old ima)
|
|switch|p2a: empoor|Zeraora|100/100|[from]move: Teleport
|
|upkeep
|turn|6
|inactive|blarghlfarghl has 210 seconds left.
|
|switch|p1a: Hippowdon|Hippowdon, F|100/100
|-weather|Sandstorm|[from] ability: Sand Stream|[of] p1a: Hippowdon
|move|p2a: empoor|Plasma Fists|p1a: Hippowdon
|-immune|p1a: Hippowdon
|
|-weather|Sandstorm|[upkeep]
|-damage|p2a: empoor|95/100|[from] Sandstorm
|upkeep
|turn|7
|inactive|Empo has 270 seconds left.
|
|switch|p2a: wcop ima|Ferrothorn, M|91/100
|move|p1a: Hippowdon|Stealth Rock|p2a: wcop ima
|-sidestart|p2: blarghlfarghl|move: Stealth Rock
|
|-weather|Sandstorm|[upkeep]
|upkeep
|turn|8
|
|switch|p1a: Rotom|Rotom-Heat|100/100
|move|p2a: wcop ima|Stealth Rock|p1a: Rotom
|-sidestart|p1: Empo|move: Stealth Rock
|
|-weather|Sandstorm|[upkeep]
|-damage|p1a: Rotom|95/100|[from] Sandstorm
|upkeep
|turn|9
|inactive|blarghlfarghl has 210 seconds left.
|
|switch|p2a: (8-3 in snake)|Rotom-Heat|100/100
|move|p1a: Rotom|Overheat|p2a: (8-3 in snake)
|-resisted|p2a: (8-3 in snake)
|-damage|p2a: (8-3 in snake)|77/100
|-unboost|p1a: Rotom|spa|2
|
|-weather|Sandstorm|[upkeep]
|-damage|p1a: Rotom|89/100|[from] Sandstorm
|-damage|p2a: (8-3 in snake)|71/100|[from] Sandstorm
|upkeep
|turn|10
|inactive|Empo has 270 seconds left.
|
|move|p1a: Rotom|Nasty Plot|p1a: Rotom
|-boost|p1a: Rotom|spa|2
|move|p2a: (8-3 in snake)|Nasty Plot|p2a: (8-3 in snake)
|-boost|p2a: (8-3 in snake)|spa|2
|
|-weather|none
|upkeep
|turn|11
|
|move|p1a: Rotom|Nasty Plot|p1a: Rotom
|-boost|p1a: Rotom|spa|2
|move|p2a: (8-3 in snake)|Toxic|p1a: Rotom
|-status|p1a: Rotom|tox
|
|-damage|p1a: Rotom|83/100 tox|[from] psn
|upkeep
|turn|12
|
|move|p1a: Rotom|Overheat|p2a: (8-3 in snake)
|-resisted|p2a: (8-3 in snake)
|-damage|p2a: (8-3 in snake)|22/100
|-unboost|p1a: Rotom|spa|2
|move|p2a: (8-3 in snake)|Overheat|p1a: Rotom
|-resisted|p1a: Rotom
|-damage|p1a: Rotom|32/100 tox
|-unboost|p2a: (8-3 in snake)|spa|2
|
|-damage|p1a: Rotom|20/100 tox|[from] psn
|upkeep
|turn|13
|
|switch|p2a: indian empoor|Mandibuzz, F|100/100
|move|p1a: Rotom|Pain Split|p2a: indian empoor
|-sethp|p2a: indian empoor|57/100|[from] move: Pain Split|[silent]
|-sethp|p1a: Rotom|80/100 tox|[from] move: Pain Split
|
|-damage|p1a: Rotom|62/100 tox|[from] psn
|upkeep
|turn|14
|
|switch|p1a: Hippowdon|Hippowdon, F|100/100
|-damage|p1a: Hippowdon|94/100|[from] Stealth Rock
|-weather|Sandstorm|[from] ability: Sand Stream|[of] p1a: Hippowdon
|switch|p2a: empoor|Zeraora|95/100
|-damage|p2a: empoor|82/100|[from] Stealth Rock
|
|-weather|Sandstorm|[upkeep]
|-damage|p2a: empoor|76/100|[from] Sandstorm
|upkeep
|turn|15
|
|switch|p2a: wcop ima|Ferrothorn, M|91/100
|-damage|p2a: wcop ima|85/100|[from] Stealth Rock
|switch|p1a: Clefable|Clefable, M|89/100
|
|-weather|Sandstorm|[upkeep]
|upkeep
|turn|16
|inactive|blarghlfarghl has 210 seconds left.
|
|switch|p2a: fat ima (old ima)|Clefable, F|65/100
|move|p1a: Clefable|Calm Mind|p1a: Clefable
|-boost|p1a: Clefable|spa|1
|-boost|p1a: Clefable|spd|1
|
|-weather|Sandstorm|[upkeep]
|upkeep
|turn|17
|
|move|p1a: Clefable|Moonblast|p2a: fat ima (old ima)
|-damage|p2a: fat ima (old ima)|34/100
|move|p2a: fat ima (old ima)|Wish|p2a: fat ima (old ima)
|
|-weather|Sandstorm|[upkeep]
|upkeep
|turn|18
|inactive|blarghlfarghl has 210 seconds left.
|inactive|blarghlfarghl has 180 seconds left.
|
|move|p2a: fat ima (old ima)|Protect|p2a: fat ima (old ima)
|-singleturn|p2a: fat ima (old ima)|Protect
|move|p1a: Clefable|Calm Mind|p1a: Clefable
|-boost|p1a: Clefable|spa|1
|-boost|p1a: Clefable|spd|1
|
|-weather|none
|-heal|p2a: fat ima (old ima)|84/100|[from] move: Wish|[wisher] fat ima (old ima)
|upkeep
|turn|19
|
|move|p1a: Clefable|Moonblast|p2a: fat ima (old ima)
|-damage|p2a: fat ima (old ima)|44/100
|move|p2a: fat ima (old ima)|Teleport|p2a: fat ima (old ima)
|
|switch|p2a: empoor|Zeraora|76/100|[from]move: Teleport
|-damage|p2a: empoor|64/100|[from] Stealth Rock
|
|upkeep
|turn|20
|
|move|p2a: empoor|Plasma Fists|p1a: Clefable
|-damage|p1a: Clefable|21/100
|-fieldactivate|move: Ion Deluge
|move|p1a: Clefable|Moonblast|p2a: empoor
|-damage|p2a: empoor|0 fnt
|faint|p2a: empoor
|
|upkeep
|
|switch|p2a: black ima|Gengar, M|40/100
|-damage|p2a: black ima|28/100|[from] Stealth Rock
|turn|21
|
|switch|p1a: Toxapex|Toxapex, M|100/100
|-damage|p1a: Toxapex|88/100|[from] Stealth Rock
|move|p2a: black ima|Will-O-Wisp|p1a: Toxapex
|-status|p1a: Toxapex|brn
|
|-heal|p1a: Toxapex|94/100 brn|[from] item: Black Sludge
|-damage|p1a: Toxapex|88/100 brn|[from] brn
|upkeep
|turn|22
|
|switch|p2a: fat ima (old ima)|Clefable, F|44/100
|switch|p1a: Corviknight|Corviknight, F|100/100
|-damage|p1a: Corviknight|88/100|[from] Stealth Rock
|-ability|p1a: Corviknight|Pressure
|
|-heal|p1a: Corviknight|94/100|[from] item: Leftovers
|upkeep
|turn|23
|inactive|blarghlfarghl has 210 seconds left.
|inactive|blarghlfarghl has 180 seconds left.
|
|move|p2a: fat ima (old ima)|Protect|p2a: fat ima (old ima)
|-singleturn|p2a: fat ima (old ima)|Protect
|move|p1a: Corviknight|Iron Head|p2a: fat ima (old ima)
|-activate|p2a: fat ima (old ima)|move: Protect
|
|-heal|p1a: Corviknight|99/100|[from] item: Leftovers
|upkeep
|turn|24
|inactive|blarghlfarghl has 180 seconds left.
|inactive|blarghlfarghl has 150 seconds left.
|
|switch|p2a: wcop ima|Ferrothorn, M|85/100
|-damage|p2a: wcop ima|78/100|[from] Stealth Rock
|move|p1a: Corviknight|Iron Head|p2a: wcop ima
|-resisted|p2a: wcop ima
|-damage|p2a: wcop ima|71/100
|-damage|p1a: Corviknight|88/100|[from] ability: Iron Barbs|[of] p2a: wcop ima
|
|-heal|p1a: Corviknight|94/100|[from] item: Leftovers
|upkeep
|turn|25
|inactive|blarghlfarghl has 150 seconds left.
|
|move|p1a: Corviknight|Body Press|p2a: wcop ima
|-supereffective|p2a: wcop ima
|-damage|p2a: wcop ima|47/100
|-damage|p1a: Corviknight|82/100|[from] ability: Iron Barbs|[of] p2a: wcop ima
|move|p2a: wcop ima|Body Press|p1a: Corviknight
|-crit|p1a: Corviknight
|-damage|p1a: Corviknight|44/100
|
|-heal|p1a: Corviknight|50/100|[from] item: Leftovers
|upkeep
|turn|26
|inactive|blarghlfarghl has 150 seconds left.
|
|move|p1a: Corviknight|Roost|p1a: Corviknight
|-heal|p1a: Corviknight|100/100
|-singleturn|p1a: Corviknight|move: Roost
|move|p2a: wcop ima|Body Press|p1a: Corviknight
|-supereffective|p1a: Corviknight
|-damage|p1a: Corviknight|50/100
|
|-heal|p1a: Corviknight|56/100|[from] item: Leftovers
|upkeep
|turn|27
|
|move|p1a: Corviknight|Roost|p1a: Corviknight
|-heal|p1a: Corviknight|100/100
|-singleturn|p1a: Corviknight|move: Roost
|move|p2a: wcop ima|Knock Off|p1a: Corviknight
|-damage|p1a: Corviknight|85/100
|-enditem|p1a: Corviknight|Leftovers|[from] move: Knock Off|[of] p2a: wcop ima
|
|upkeep
|turn|28
|inactive|blarghlfarghl has 150 seconds left.
|inactive|blarghlfarghl has 120 seconds left.
|
|move|p1a: Corviknight|Body Press|p2a: wcop ima
|-supereffective|p2a: wcop ima
|-damage|p2a: wcop ima|22/100
|-damage|p1a: Corviknight|72/100|[from] ability: Iron Barbs|[of] p2a: wcop ima
|move|p2a: wcop ima|Body Press|p1a: Corviknight
|-damage|p1a: Corviknight|50/100
|
|upkeep
|turn|29
|inactive|blarghlfarghl has 120 seconds left.
|
|move|p1a: Corviknight|Roost|p1a: Corviknight
|-heal|p1a: Corviknight|99/100
|-singleturn|p1a: Corviknight|move: Roost
|move|p2a: wcop ima|Body Press|p1a: Corviknight
|-supereffective|p1a: Corviknight
|-damage|p1a: Corviknight|51/100
|
|upkeep
|turn|30
|inactive|blarghlfarghl has 90 seconds left.
|inactive|blarghlfarghl has 60 seconds left.
|
|move|p1a: Corviknight|Roost|p1a: Corviknight
|-heal|p1a: Corviknight|100/100
|-singleturn|p1a: Corviknight|move: Roost
|move|p2a: wcop ima|Body Press|p1a: Corviknight
|-supereffective|p1a: Corviknight
|-damage|p1a: Corviknight|49/100
|
|upkeep
|turn|31
|
|switch|p2a: (8-3 in snake)|Rotom-Heat|22/100
|move|p1a: Corviknight|Roost|p1a: Corviknight
|-heal|p1a: Corviknight|99/100
|-singleturn|p1a: Corviknight|move: Roost
|
|upkeep
|turn|32
|inactive|blarghlfarghl has 60 seconds left.
|inactive|Empo has 270 seconds left.
|
|move|p2a: (8-3 in snake)|Overheat|p1a: Corviknight
|-supereffective|p1a: Corviknight
|-damage|p1a: Corviknight|37/100
|-unboost|p2a: (8-3 in snake)|spa|2
|move|p1a: Corviknight|Body Press|p2a: (8-3 in snake)
|-damage|p2a: (8-3 in snake)|2/100
|
|upkeep
|turn|33
|
|switch|p1a: Toxapex|Toxapex, M|100/100 brn
|-damage|p1a: Toxapex|88/100 brn|[from] Stealth Rock
|move|p2a: (8-3 in snake)|Nasty Plot|p2a: (8-3 in snake)
|-boost|p2a: (8-3 in snake)|spa|2
|
|-heal|p1a: Toxapex|94/100 brn|[from] item: Black Sludge
|-damage|p1a: Toxapex|88/100 brn|[from] brn
|upkeep
|turn|34
|
|switch|p2a: fat ima (old ima)|Clefable, F|44/100
|switch|p1a: Hippowdon|Hippowdon, F|94/100
|-damage|p1a: Hippowdon|88/100|[from] Stealth Rock
|-weather|Sandstorm|[from] ability: Sand Stream|[of] p1a: Hippowdon
|
|-weather|Sandstorm|[upkeep]
|upkeep
|turn|35
|
|move|p2a: fat ima (old ima)|Wish|p2a: fat ima (old ima)
|move|p1a: Hippowdon|Earthquake|p2a: fat ima (old ima)
|-damage|p2a: fat ima (old ima)|0 fnt
|faint|p2a: fat ima (old ima)
|
|-weather|Sandstorm|[upkeep]
|upkeep
|inactive|blarghlfarghl has 60 seconds left.
|
|switch|p2a: (8-3 in snake)|Rotom-Heat|2/100
|turn|36
|
|move|p2a: (8-3 in snake)|Nasty Plot|p2a: (8-3 in snake)
|-boost|p2a: (8-3 in snake)|spa|2
|move|p1a: Hippowdon|Whirlwind|p2a: (8-3 in snake)
|drag|p2a: indian empoor|Mandibuzz, F|57/100
|
|-weather|Sandstorm|[upkeep]
|-heal|p2a: indian empoor|100/100|[from] move: Wish|[wisher] fat ima (old ima)
|upkeep
|turn|37
|c|☆blarghlfarghl|that was not the one i wanted there
|inactive|blarghlfarghl has 60 seconds left.
|c|☆blarghlfarghl|chill chat i lose
|
|switch|p1a: Toxapex|Toxapex, M|100/100 brn
|-damage|p1a: Toxapex|88/100 brn|[from] Stealth Rock
|move|p2a: indian empoor|Knock Off|p1a: Toxapex
|-damage|p1a: Toxapex|73/100 brn
|-enditem|p1a: Toxapex|Black Sludge|[from] move: Knock Off|[of] p2a: indian empoor
|
|-weather|Sandstorm|[upkeep]
|-damage|p1a: Toxapex|67/100 brn|[from] Sandstorm
|-damage|p1a: Toxapex|61/100 brn|[from] brn
|upkeep
|turn|38
|
|move|p2a: indian empoor|Knock Off|p1a: Toxapex
|-damage|p1a: Toxapex|51/100 brn
|move|p1a: Toxapex|Scald|p2a: indian empoor
|-damage|p2a: indian empoor|86/100
|-status|p2a: indian empoor|brn
|
|-weather|none
|-damage|p2a: indian empoor|80/100 brn|[from] brn
|-damage|p1a: Toxapex|45/100 brn|[from] brn
|upkeep
|turn|39
|
|switch|p2a: wcop ima|Ferrothorn, M|22/100
|-damage|p2a: wcop ima|15/100|[from] Stealth Rock
|move|p1a: Toxapex|Scald|p2a: wcop ima
|-resisted|p2a: wcop ima
|-damage|p2a: wcop ima|8/100
|-status|p2a: wcop ima|brn
|
|-damage|p1a: Toxapex|38/100 brn|[from] brn
|-damage|p2a: wcop ima|1/100 brn|[from] brn
|upkeep
|turn|40
|c|☆blarghlfarghl|yeah gg carry me pers
|c|☆Empo|gg 
|-message|blarghlfarghl forfeited.
|
|win|Empo
|c|☆Empo|go ruienrs
|c|☆Empo|ruiners
