|inactive|Battle timer is ON: inactive players will automatically lose when time's up.
|t:|1608497151
|player|p1|Empo|swimmer-gen4dp|
|player|p2|SOULWIND|iris-gen5bw2|
|teamsize|p1|6
|teamsize|p2|6
|gametype|singles
|gen|7
|tier|[Gen 7] OU
|clearpoke
|poke|p1|Rotom-Wash|item
|poke|p1|Landorus-Therian, M|item
|poke|p1|Magearna|item
|poke|p1|Kartana|item
|poke|p1|Medicham, F|item
|poke|p1|Volcarona, F|item
|poke|p2|Lopunny, M|item
|poke|p2|Kyurem-Black|item
|poke|p2|Kartana|item
|poke|p2|Rotom-Wash|item
|poke|p2|Landorus-Therian, M|item
|poke|p2|Magearna|item
|rule|Sleep Clause Mod: Limit one foe put to sleep
|rule|Species Clause: Limit one of each Pokémon
|rule|OHKO Clause: OHKO moves are banned
|rule|Moody Clause: Moody is banned
|rule|Evasion Moves Clause: Evasion moves are banned
|rule|Endless Battle Clause: Forcing endless battles is banned
|rule|HP Percentage Mod: HP is shown in percentages
|teampreview
|raw|<div class="broadcast-red"><strong>Moderated chat was set to ☆!</strong><br />Only users of rank ☆ and higher can talk.</div>
|c|☆Empo|hf
|c|☆SOULWIND|hf
|inactive|Empo has 270 seconds left.
|inactive|Empo has 240 seconds left.
|
|t:|1608497240
|start
|switch|p1a: MERCI AU REVOIR|Landorus-Therian, M|381/381
|switch|p2a: Landorus|Landorus-Therian, M|381/381
|-ability|p1a: MERCI AU REVOIR|Intimidate|boost
|-unboost|p2a: Landorus|atk|1
|-ability|p2a: Landorus|Intimidate|boost
|-unboost|p1a: MERCI AU REVOIR|atk|1
|turn|1
|inactive|Empo has 270 seconds left.
|inactive|Empo has 240 seconds left.
|
|t:|1608497300
|switch|p1a: the boof|Rotom-Wash|304/304
|move|p2a: Landorus|Hidden Power|p1a: the boof
|-resisted|p1a: the boof
|-damage|p1a: the boof|290/304
|
|upkeep
|turn|2
|
|t:|1608497312
|move|p2a: Landorus|U-turn|p1a: the boof
|-damage|p1a: the boof|245/304
|
|t:|1608497315
|switch|p2a: Rotom|Rotom-Wash|303/303
|move|p1a: the boof|Volt Switch|p2a: Rotom
|-damage|p2a: Rotom|236/303
|
|t:|1608497317
|switch|p1a: To Be Continued|Medicham, F|261/261
|
|-heal|p2a: Rotom|254/303|[from] item: Leftovers
|upkeep
|turn|3
|
|t:|1608497321
|switch|p2a: Landorus|Landorus-Therian, M|381/381
|-ability|p2a: Landorus|Intimidate|boost
|-unboost|p1a: To Be Continued|atk|1
|detailschange|p1a: To Be Continued|Medicham-Mega, F
|-mega|p1a: To Be Continued|Medicham|Medichamite
|move|p1a: To Be Continued|High Jump Kick|p2a: Landorus
|-resisted|p2a: Landorus
|-damage|p2a: Landorus|270/381
|-damage|p1a: To Be Continued|218/261|[from] item: Rocky Helmet|[of] p2a: Landorus
|
|upkeep
|turn|4
|
|t:|1608497325
|switch|p2a: Magearna|Magearna|363/363
|move|p1a: To Be Continued|High Jump Kick|p2a: Magearna
|-damage|p2a: Magearna|126/363
|
|upkeep
|turn|5
|
|t:|1608497331
|switch|p2a: Landorus|Landorus-Therian, M|270/381
|-ability|p2a: Landorus|Intimidate|boost
|-unboost|p1a: To Be Continued|atk|1
|move|p1a: To Be Continued|High Jump Kick|p2a: Landorus
|-resisted|p2a: Landorus
|-damage|p2a: Landorus|186/381
|-damage|p1a: To Be Continued|175/261|[from] item: Rocky Helmet|[of] p2a: Landorus
|
|upkeep
|turn|6
|
|t:|1608497336
|switch|p2a: Rotom|Rotom-Wash|254/303
|move|p1a: To Be Continued|High Jump Kick|p2a: Rotom
|-crit|p2a: Rotom
|-damage|p2a: Rotom|0 fnt
|faint|p2a: Rotom
|
|upkeep
|
|t:|1608497355
|switch|p2a: Landorus|Landorus-Therian, M|186/381
|-ability|p2a: Landorus|Intimidate|boost
|-unboost|p1a: To Be Continued|atk|1
|turn|7
|
|t:|1608497358
|move|p1a: To Be Continued|Ice Punch|p2a: Landorus
|-supereffective|p2a: Landorus
|-damage|p2a: Landorus|0 fnt
|-damage|p1a: To Be Continued|132/261|[from] item: Rocky Helmet|[of] p2a: Landorus
|faint|p2a: Landorus
|
|upkeep
|
|t:|1608497364
|switch|p2a: Lopunny|Lopunny, M|271/271
|turn|8
|
|t:|1608497375
|switch|p1a: sup (kid)|Magearna|364/364
|detailschange|p2a: Lopunny|Lopunny-Mega, M
|-mega|p2a: Lopunny|Lopunny|Lopunnite
|move|p2a: Lopunny|Return|p1a: sup (kid)
|-resisted|p1a: sup (kid)
|-damage|p1a: sup (kid)|289/364
|
|upkeep
|turn|9
|
|t:|1608497379
|move|p2a: Lopunny|High Jump Kick|p1a: sup (kid)
|-damage|p1a: sup (kid)|100/364
|move|p1a: sup (kid)|Fleur Cannon|p2a: Lopunny|[miss]
|-miss|p1a: sup (kid)|p2a: Lopunny
|
|upkeep
|turn|10
|
|t:|1608497384
|move|p2a: Lopunny|High Jump Kick|p1a: sup (kid)
|-damage|p1a: sup (kid)|0 fnt
|faint|p1a: sup (kid)
|
|upkeep
|
|t:|1608497385
|switch|p1a: TOKYO PRISON|Kartana|259/259
|turn|11
|
|t:|1608497388
|switch|p2a: Kartana|Kartana|259/259
|move|p1a: TOKYO PRISON|Sacred Sword|p2a: Kartana
|-supereffective|p2a: Kartana
|-damage|p2a: Kartana|41/259
|
|upkeep
|turn|12
|
|t:|1608497394
|switch|p1a: MERCI AU REVOIR|Landorus-Therian, M|381/381
|-ability|p1a: MERCI AU REVOIR|Intimidate|boost
|-unboost|p2a: Kartana|atk|1
|move|p2a: Kartana|Sacred Sword|p1a: MERCI AU REVOIR
|-resisted|p1a: MERCI AU REVOIR
|-damage|p1a: MERCI AU REVOIR|331/381
|
|upkeep
|turn|13
|
|t:|1608497397
|switch|p2a: Kyurem|Kyurem-Black|405/405
|-ability|p2a: Kyurem|Teravolt
|-zpower|p1a: MERCI AU REVOIR
|move|p1a: MERCI AU REVOIR|Supersonic Skystrike|p2a: Kyurem|[zeffect]
|-damage|p2a: Kyurem|90/405
|
|upkeep
|turn|14
|inactive|Empo has 270 seconds left.
|
|t:|1608497430
|switch|p1a: #nagols-cooking|Volcarona, F|311/311
|-zpower|p2a: Kyurem
|move|p2a: Kyurem|Subzero Slammer|p1a: #nagols-cooking|[zeffect]
|-resisted|p1a: #nagols-cooking
|-damage|p1a: #nagols-cooking|3/311
|-enditem|p1a: #nagols-cooking|Iapapa Berry|[eat]
|-heal|p1a: #nagols-cooking|158/311|[from] item: Iapapa Berry
|
|upkeep
|turn|15
|
|t:|1608497437
|move|p1a: #nagols-cooking|Bug Buzz|p2a: Kyurem
|-damage|p2a: Kyurem|0 fnt
|faint|p2a: Kyurem
|
|upkeep
|
|t:|1608497449
|switch|p2a: Lopunny|Lopunny-Mega, M|271/271
|turn|16
|
|t:|1608497453
|move|p2a: Lopunny|Return|p1a: #nagols-cooking
|-damage|p1a: #nagols-cooking|0 fnt
|-status|p2a: Lopunny|brn|[from] ability: Flame Body|[of] p1a: #nagols-cooking
|faint|p1a: #nagols-cooking
|
|-damage|p2a: Lopunny|255/271 brn|[from] brn
|upkeep
|
|t:|1608497454
|switch|p1a: TOKYO PRISON|Kartana|259/259
|turn|17
|inactive|SOULWIND has 270 seconds left.
|inactive|SOULWIND has 240 seconds left.
|
|t:|1608497525
|move|p1a: TOKYO PRISON|Sacred Sword|p2a: Lopunny
|-supereffective|p2a: Lopunny
|-damage|p2a: Lopunny|0 fnt
|faint|p2a: Lopunny
|-ability|p1a: TOKYO PRISON|Beast Boost|boost
|-boost|p1a: TOKYO PRISON|atk|1
|
|upkeep
|
|t:|1608497528
|switch|p2a: Kartana|Kartana|41/259
|turn|18
|
|t:|1608497530
|move|p2a: Kartana|Sacred Sword|p1a: TOKYO PRISON
|-supereffective|p1a: TOKYO PRISON
|-damage|p1a: TOKYO PRISON|29/259
|move|p1a: TOKYO PRISON|Sacred Sword|p2a: Kartana
|-supereffective|p2a: Kartana
|-damage|p2a: Kartana|0 fnt
|faint|p2a: Kartana
|-ability|p1a: TOKYO PRISON|Beast Boost|boost
|-boost|p1a: TOKYO PRISON|atk|1
|
|upkeep
|c|☆SOULWIND|gg
|c|☆Empo|gg
|-message|SOULWIND forfeited.
|
|win|Empo

