|inactive|Battle timer is ON: inactive players will automatically lose when time's up.
|t:|1716753871
|gametype|singles
|player|p1|Empo|#empo|
|player|p2|We Three Kings|dawn|
|teamsize|p1|6
|teamsize|p2|6
|gen|9
|tier|[Gen 9] OU
|rule|Species Clause: Limit one of each Pokémon
|rule|OHKO Clause: OHKO moves are banned
|rule|Evasion Items Clause: Evasion items are banned
|rule|Evasion Moves Clause: Evasion moves are banned
|rule|Endless Battle Clause: Forcing endless battles is banned
|rule|HP Percentage Mod: HP is shown in percentages
|rule|Sleep Moves Clause: Sleep-inducing moves are banned
|clearpoke
|poke|p1|Kyurem|
|poke|p1|Cinderace, F|
|poke|p1|Iron Valiant|
|poke|p1|Kingambit, M|
|poke|p1|Zapdos|
|poke|p1|Landorus-Therian, M|
|poke|p2|Kyurem|
|poke|p2|Slowking-Galar, M|
|poke|p2|Landorus-Therian, M|
|poke|p2|Zamazenta-*|
|poke|p2|Kingambit, F|
|poke|p2|Cinderace, M|
|teampreview
|c|☆Empo|hf
|c|+Enzonana|PO
|c|☆We Three Kings|same
|c|+Yone D.Hero|loyer vrm
|raw|<div class="broadcast-red"><strong>Moderated chat was set to ☆!</strong><br />Only users of rank ☆ and higher can talk.</div>
|inactive|Empo has 270 seconds left.
|inactive|We Three Kings has 270 seconds left.
|inactive|Empo has 240 seconds left.
|inactive|Empo has 210 seconds left.
|inactive|Empo has 180 seconds left.
|
|t:|1716753992
|start
|switch|p1a: Cinderace|Cinderace, F|100/100
|switch|p2a: Slowking|Slowking-Galar, M|100/100
|turn|1
|inactive|Empo has 240 seconds left.
|
|t:|1716754028
|move|p1a: Cinderace|Pyro Ball|p2a: Slowking
|-damage|p2a: Slowking|45/100
|move|p2a: Slowking|Sludge Bomb|p1a: Cinderace
|-damage|p1a: Cinderace|49/100
|
|upkeep
|turn|2
|inactive|Empo has 210 seconds left.
|inactive|We Three Kings has 270 seconds left.
|inactive|Empo has 180 seconds left.
|inactive|We Three Kings has 240 seconds left.
|inactive|Empo has 150 seconds left.
|
|t:|1716754104
|switch|p2a: Cinderace|Cinderace, M|100/100
|move|p1a: Cinderace|Pyro Ball|p2a: Cinderace
|-resisted|p2a: Cinderace
|-damage|p2a: Cinderace|67/100
|
|upkeep
|turn|3
|inactive|Empo has 150 seconds left.
|
|t:|1716754120
|move|p2a: Cinderace|Pyro Ball|p1a: Cinderace
|-resisted|p1a: Cinderace
|-damage|p1a: Cinderace|15/100
|move|p1a: Cinderace|Gunk Shot|p2a: Cinderace|[miss]
|-start|p1a: Cinderace|typechange|Poison|[from] ability: Libero
|-miss|p1a: Cinderace|p2a: Cinderace
|
|upkeep
|turn|4
|inactive|Empo has 150 seconds left.
|
|t:|1716754132
|move|p1a: Cinderace|Gunk Shot|p2a: Cinderace
|-damage|p2a: Cinderace|0 fnt
|faint|p2a: Cinderace
|
|upkeep
|inactive|We Three Kings has 210 seconds left.
|inactive|We Three Kings has 180 seconds left.
|
|t:|1716754198
|switch|p2a: Landorus|Landorus-Therian, M|100/100
|-ability|p2a: Landorus|Intimidate|boost
|-unboost|p1a: Cinderace|atk|1
|turn|5
|inactive|Empo has 150 seconds left.
|
|t:|1716754217
|switch|p1a: Kyurem|Kyurem|100/100
|-ability|p1a: Kyurem|Pressure
|move|p2a: Landorus|Earth Power|p1a: Kyurem
|-damage|p1a: Kyurem|68/100
|
|upkeep
|turn|6
|inactive|Empo has 150 seconds left.
|inactive|We Three Kings has 180 seconds left.
|inactive|Empo has 120 seconds left.
|
|t:|1716754253
|switch|p2a: Slowking|Slowking-Galar, M|78/100
|move|p1a: Kyurem|Ice Beam|p2a: Slowking
|-damage|p2a: Slowking|51/100
|
|upkeep
|turn|7
|inactive|We Three Kings has 180 seconds left.
|inactive|Empo has 120 seconds left.
|
|t:|1716754277
|move|p1a: Kyurem|Ice Beam|p2a: Slowking
|-damage|p2a: Slowking|23/100
|move|p2a: Slowking|Sludge Bomb|p1a: Kyurem
|-damage|p1a: Kyurem|32/100
|
|upkeep
|turn|8
|inactive|Empo has 120 seconds left.
|inactive|We Three Kings has 150 seconds left.
|
|t:|1716754308
|switch|p2a: Kingambit|Kingambit, F|100/100
|-activate|p2a: Kingambit|ability: Supreme Overlord
|-start|p2a: Kingambit|fallen1|[silent]
|move|p1a: Kyurem|Earth Power|p2a: Kingambit
|-supereffective|p2a: Kingambit
|-damage|p2a: Kingambit|35/100
|
|-heal|p2a: Kingambit|41/100|[from] item: Leftovers
|upkeep
|turn|9
|inactive|We Three Kings has 150 seconds left.
|inactive|Empo has 90 seconds left.
|
|t:|1716754338
|-end|p2a: Kingambit|fallen1|[silent]
|switch|p2a: Kyurem|Kyurem|100/100
|-ability|p2a: Kyurem|Pressure
|move|p1a: Kyurem|Earth Power|p2a: Kyurem
|-damage|p2a: Kyurem|69/100
|
|upkeep
|turn|10
|inactive|Empo has 90 seconds left.
|
|t:|1716754368
|move|p2a: Kyurem|Ice Beam|p1a: Kyurem
|-damage|p1a: Kyurem|0 fnt
|faint|p1a: Kyurem
|
|upkeep
|inactive|Empo has 60 seconds left.
|
|t:|1716754385
|switch|p1a: Kingambit|Kingambit, M|100/100
|-activate|p1a: Kingambit|ability: Supreme Overlord
|-start|p1a: Kingambit|fallen1|[silent]
|turn|11
|inactive|We Three Kings has 150 seconds left.
|inactive|Empo has 60 seconds left.
|
|t:|1716754399
|switch|p2a: Landorus|Landorus-Therian, M|100/100
|-ability|p2a: Landorus|Intimidate|boost
|-unboost|p1a: Kingambit|atk|1
|move|p1a: Kingambit|Iron Head|p2a: Landorus
|-damage|p2a: Landorus|73/100
|-damage|p1a: Kingambit|84/100|[from] item: Rocky Helmet|[of] p2a: Landorus
|
|-heal|p1a: Kingambit|90/100|[from] item: Leftovers
|upkeep
|turn|12
|inactive|Empo has 60 seconds left.
|inactive|We Three Kings has 150 seconds left.
|
|t:|1716754429
|switch|p2a: Kyurem|Kyurem|69/100
|-ability|p2a: Kyurem|Pressure
|-end|p1a: Kingambit|fallen1|[silent]
|switch|p1a: Zapdos|Zapdos|100/100
|
|upkeep
|turn|13
|inactive|Empo has 30 seconds left.
|
|t:|1716754455
|switch|p1a: Kingambit|Kingambit, M|90/100
|-activate|p1a: Kingambit|ability: Supreme Overlord
|-start|p1a: Kingambit|fallen1|[silent]
|move|p2a: Kyurem|Ice Beam|p1a: Kingambit
|-resisted|p1a: Kingambit
|-damage|p1a: Kingambit|67/100
|
|-heal|p1a: Kingambit|73/100|[from] item: Leftovers
|upkeep
|turn|14
|inactive|We Three Kings has 150 seconds left.
|
|t:|1716754468
|switch|p2a: Landorus|Landorus-Therian, M|73/100
|-ability|p2a: Landorus|Intimidate|boost
|-unboost|p1a: Kingambit|atk|1
|move|p1a: Kingambit|Iron Head|p2a: Landorus
|-crit|p2a: Landorus
|-damage|p2a: Landorus|11/100
|-damage|p1a: Kingambit|56/100|[from] item: Rocky Helmet|[of] p2a: Landorus
|
|-heal|p1a: Kingambit|62/100|[from] item: Leftovers
|upkeep
|turn|15
|inactive|We Three Kings has 150 seconds left.
|
|t:|1716754478
|switch|p2a: Kyurem|Kyurem|69/100
|-ability|p2a: Kyurem|Pressure
|-end|p1a: Kingambit|fallen1|[silent]
|switch|p1a: Iron Valiant|Iron Valiant|100/100
|-enditem|p1a: Iron Valiant|Booster Energy
|-activate|p1a: Iron Valiant|ability: Quark Drive|[fromitem]
|-start|p1a: Iron Valiant|quarkdrivespe
|
|upkeep
|turn|16
|inactive|We Three Kings has 150 seconds left.
|inactive|We Three Kings has 120 seconds left.
|
|t:|1716754545
|switch|p2a: Slowking|Slowking-Galar, M|56/100
|move|p1a: Iron Valiant|Moonblast|p2a: Slowking
|-resisted|p2a: Slowking
|-damage|p2a: Slowking|46/100
|
|upkeep
|turn|17
|inactive|We Three Kings has 90 seconds left.
|inactive|Empo has 30 seconds left.
|
|t:|1716754574
|switch|p2a: Zamazenta|Zamazenta|100/100
|-ability|p2a: Zamazenta|Dauntless Shield|boost
|-boost|p2a: Zamazenta|def|1
|-terastallize|p1a: Iron Valiant|Steel
|move|p1a: Iron Valiant|Knock Off|p2a: Zamazenta
|-resisted|p2a: Zamazenta
|-damage|p2a: Zamazenta|92/100
|-enditem|p2a: Zamazenta|Leftovers|[from] move: Knock Off|[of] p1a: Iron Valiant
|
|upkeep
|turn|18
|inactive|Empo has 30 seconds left.
|
|t:|1716754596
|move|p1a: Iron Valiant|Moonblast|p2a: Zamazenta
|-supereffective|p2a: Zamazenta
|-damage|p2a: Zamazenta|0 fnt
|faint|p2a: Zamazenta
|
|upkeep
|inactive|Empo has 30 seconds left this turn.
|inactive|We Three Kings has 60 seconds left.
|inactive|We Three Kings has 30 seconds left.
|
|t:|1716754647
|switch|p2a: Kingambit|Kingambit, F|41/100
|-activate|p2a: Kingambit|ability: Supreme Overlord
|-start|p2a: Kingambit|fallen2|[silent]
|turn|19
|inactive|We Three Kings has 30 seconds left.
|inactive|Empo has 30 seconds left.
|inactive|Empo has 20 seconds left.
|inactive|Empo has 15 seconds left.
|c|☆Empo|test
|inactive|We Three Kings has 20 seconds left.
|inactive|We Three Kings has 15 seconds left.
|
|t:|1716754688
|move|p2a: Kingambit|Sucker Punch|p1a: Iron Valiant
|-damage|p1a: Iron Valiant|40/100
|move|p1a: Iron Valiant|Moonblast|p2a: Kingambit
|-crit|p2a: Kingambit
|-damage|p2a: Kingambit|0 fnt
|faint|p2a: Kingambit
|-end|p2a: Kingambit|fallen2|[silent]
|
|upkeep
|inactive|Empo has 20 seconds left this turn.
|inactive|We Three Kings has 20 seconds left this turn.
|inactive|We Three Kings has 15 seconds left.
|inactive|We Three Kings has 10 seconds left.
|
|t:|1716754700
|switch|p2a: Kyurem|Kyurem|69/100
|-ability|p2a: Kyurem|Pressure
|turn|20
|inactive|Empo has 30 seconds left this turn.
|inactive|We Three Kings has 20 seconds left this turn.
|inactive|We Three Kings has 15 seconds left.
|
|t:|1716754708
|-terastallize|p2a: Kyurem|Ice
|move|p1a: Iron Valiant|Close Combat|p2a: Kyurem
|-supereffective|p2a: Kyurem
|-crit|p2a: Kyurem
|-damage|p2a: Kyurem|0 fnt
|-unboost|p1a: Iron Valiant|def|1
|-unboost|p1a: Iron Valiant|spd|1
|faint|p2a: Kyurem
|
|upkeep
|inactive|We Three Kings has 20 seconds left this turn.
|c|☆We Three Kings|gg
|inactive|We Three Kings has 15 seconds left.
|-message|We Three Kings forfeited.
|
|win|Empo
|inactive|We Three Kings has 20 seconds left this turn.
|c|☆Empo|gg
|player|p2|
|player|p1|
