|inactive|Battle timer is ON: inactive players will automatically lose when time's up.
|player|p1|Empo|swimmer-gen4dp|
|player|p2|kratosmana|#splxiclassiest|
|teamsize|p1|6
|teamsize|p2|6
|gametype|singles
|gen|7
|tier|[Gen 7] OU
|clearpoke
|poke|p1|Latias, F|item
|poke|p1|Toxapex, M|item
|poke|p1|Celesteela|item
|poke|p1|Clefable, M|item
|poke|p1|Tyranitar, M|item
|poke|p1|Excadrill, F|item
|poke|p2|Magearna|item
|poke|p2|Pelipper, M|item
|poke|p2|Swampert, M|item
|poke|p2|Tornadus-Therian, M|item
|poke|p2|Manaphy|item
|poke|p2|Kartana|item
|rule|Sleep Clause Mod: Limit one foe put to sleep
|rule|Species Clause: Limit one of each Pokémon
|rule|OHKO Clause: OHKO moves are banned
|rule|Moody Clause: Moody is banned
|rule|Evasion Moves Clause: Evasion moves are banned
|rule|Endless Battle Clause: Forcing endless battles is banned
|rule|HP Percentage Mod: HP is shown in percentages
|teampreview
|raw|<div class="broadcast-red"><strong>Moderated chat was set to ☆!</strong><br />Only users of rank ☆ and higher can talk.</div>
|c|☆kratosmana|gl
|c|☆Empo|hf
|inactive|Empo has 270 seconds left.
|inactive|kratosmana has 270 seconds left.
|inactive|Empo has 240 seconds left.
|inactive|kratosmana has 240 seconds left.
|inactive|Empo has 210 seconds left.
|inactive|kratosmana has 210 seconds left.
|
|start
|switch|p1a: Toxapex|Toxapex, M|100/100
|switch|p2a: Swampert|Swampert, M|100/100
|turn|1
|inactive|Empo has 270 seconds left.
|
|detailschange|p2a: Swampert|Swampert-Mega, M
|-mega|p2a: Swampert|Swampert|Swampertite
|move|p2a: Swampert|Earthquake|p1a: Toxapex
|-supereffective|p1a: Toxapex
|-damage|p1a: Toxapex|11/100
|move|p1a: Toxapex|Toxic|p2a: Swampert
|-status|p2a: Swampert|tox
|
|-heal|p1a: Toxapex|17/100|[from] item: Black Sludge
|-damage|p2a: Swampert|94/100 tox|[from] psn
|upkeep
|turn|2
|
|switch|p1a: Clefable|Clefable, M|100/100
|move|p2a: Swampert|Stealth Rock|p1a: Clefable
|-sidestart|p1: Empo|move: Stealth Rock
|
|-damage|p2a: Swampert|82/100 tox|[from] psn
|upkeep
|turn|3
|inactive|Empo has 270 seconds left.
|
|switch|p2a: Pelipper|Pelipper, M|100/100
|-weather|RainDance|[from] ability: Drizzle|[of] p2a: Pelipper
|move|p1a: Clefable|Stealth Rock|p2a: Pelipper
|-sidestart|p2: kratosmana|move: Stealth Rock
|
|-weather|RainDance|[upkeep]
|upkeep
|turn|4
|
|switch|p1a: Tyranitar|Tyranitar, M|100/100
|-damage|p1a: Tyranitar|88/100|[from] Stealth Rock
|-weather|Sandstorm|[from] ability: Sand Stream|[of] p1a: Tyranitar
|move|p2a: Pelipper|Hurricane|p1a: Tyranitar
|-resisted|p1a: Tyranitar
|-damage|p1a: Tyranitar|63/100
|
|-weather|Sandstorm|[upkeep]
|-damage|p2a: Pelipper|95/100|[from] Sandstorm
|upkeep
|turn|5
|inactive|Empo has 270 seconds left.
|inactive|Empo has 240 seconds left.
|inactive|kratosmana has 240 seconds left.
|
|-activate|p2a: Pelipper|move: Pursuit
|move|p1a: Tyranitar|Pursuit|p2a: Pelipper|[from]Pursuit
|-damage|p2a: Pelipper|42/100
|switch|p2a: Kartana|Kartana|100/100
|-damage|p2a: Kartana|94/100|[from] Stealth Rock
|
|-weather|Sandstorm|[upkeep]
|upkeep
|turn|6
|
|switch|p1a: Clefable|Clefable, M|100/100
|move|p2a: Kartana|Knock Off|p1a: Clefable
|-resisted|p1a: Clefable
|-damage|p1a: Clefable|84/100
|-enditem|p1a: Clefable|Leftovers|[from] move: Knock Off|[of] p2a: Kartana
|
|-weather|Sandstorm|[upkeep]
|upkeep
|turn|7
|
|switch|p2a: Magearna|Magearna|100/100
|-damage|p2a: Magearna|94/100|[from] Stealth Rock
|move|p1a: Clefable|Flamethrower|p2a: Magearna
|-supereffective|p2a: Magearna
|-damage|p2a: Magearna|75/100
|
|-weather|Sandstorm|[upkeep]
|upkeep
|turn|8
|
|move|p1a: Clefable|Flamethrower|p2a: Magearna
|-supereffective|p2a: Magearna
|-damage|p2a: Magearna|58/100
|move|p2a: Magearna|Focus Blast|p1a: Clefable
|-resisted|p1a: Clefable
|-damage|p1a: Clefable|68/100
|
|-weather|none
|upkeep
|turn|9
|
|move|p1a: Clefable|Flamethrower|p2a: Magearna
|-supereffective|p2a: Magearna
|-damage|p2a: Magearna|39/100
|move|p2a: Magearna|Volt Switch|p1a: Clefable
|-damage|p1a: Clefable|49/100
|
|switch|p2a: Manaphy|Manaphy|100/100|[from]move: Volt Switch
|-damage|p2a: Manaphy|88/100|[from] Stealth Rock
|
|upkeep
|turn|10
|inactive|Empo has 240 seconds left.
|inactive|kratosmana has 240 seconds left.
|
|move|p2a: Manaphy|Tail Glow|p2a: Manaphy
|-boost|p2a: Manaphy|spa|3
|move|p1a: Clefable|Moonblast|p2a: Manaphy
|-damage|p2a: Manaphy|59/100
|
|upkeep
|turn|11
|inactive|kratosmana has 240 seconds left.
|inactive|Empo has 210 seconds left.
|inactive|Empo has 180 seconds left.
|
|move|p2a: Manaphy|Surf|p1a: Clefable
|-damage|p1a: Clefable|0 fnt
|faint|p1a: Clefable
|
|upkeep
|
|switch|p1a: Tyranitar|Tyranitar, M|63/100
|-damage|p1a: Tyranitar|50/100|[from] Stealth Rock
|-weather|Sandstorm|[from] ability: Sand Stream|[of] p1a: Tyranitar
|turn|12
|inactive|kratosmana has 210 seconds left.
|inactive|Empo has 150 seconds left.
|
|switch|p2a: Kartana|Kartana|94/100
|-damage|p2a: Kartana|88/100|[from] Stealth Rock
|move|p1a: Tyranitar|Crunch|p2a: Kartana
|-damage|p2a: Kartana|43/100
|
|-weather|Sandstorm|[upkeep]
|upkeep
|turn|13
|inactive|kratosmana has 180 seconds left.
|inactive|Empo has 120 seconds left.
|inactive|Empo has 90 seconds left.
|inactive|kratosmana has 150 seconds left.
|
|switch|p1a: Celesteela|Celesteela|100/100
|-damage|p1a: Celesteela|88/100|[from] Stealth Rock
|move|p2a: Kartana|Smart Strike|p1a: Celesteela
|-resisted|p1a: Celesteela
|-damage|p1a: Celesteela|73/100
|
|-weather|Sandstorm|[upkeep]
|-heal|p1a: Celesteela|79/100|[from] item: Leftovers
|upkeep
|turn|14
|
|switch|p2a: Swampert|Swampert-Mega, M|82/100 tox
|-damage|p2a: Swampert|76/100 tox|[from] Stealth Rock
|move|p1a: Celesteela|Heavy Slam|p2a: Swampert
|-resisted|p2a: Swampert
|-damage|p2a: Swampert|58/100 tox
|
|-weather|Sandstorm|[upkeep]
|-heal|p1a: Celesteela|85/100|[from] item: Leftovers
|-damage|p2a: Swampert|52/100 tox|[from] psn
|upkeep
|turn|15
|
|move|p2a: Swampert|Waterfall|p1a: Celesteela
|-damage|p1a: Celesteela|55/100
|move|p1a: Celesteela|Heavy Slam|p2a: Swampert
|-resisted|p2a: Swampert
|-damage|p2a: Swampert|33/100 tox
|
|-weather|Sandstorm|[upkeep]
|-heal|p1a: Celesteela|61/100|[from] item: Leftovers
|-damage|p2a: Swampert|21/100 tox|[from] psn
|upkeep
|turn|16
|
|move|p1a: Celesteela|Protect|p1a: Celesteela
|-singleturn|p1a: Celesteela|Protect
|move|p2a: Swampert|Waterfall|p1a: Celesteela
|-activate|p1a: Celesteela|move: Protect
|
|-weather|none
|-heal|p1a: Celesteela|67/100|[from] item: Leftovers
|-damage|p2a: Swampert|2/100 tox|[from] psn
|upkeep
|turn|17
|
|switch|p1a: Toxapex|Toxapex, M|50/100
|-damage|p1a: Toxapex|38/100|[from] Stealth Rock
|move|p2a: Swampert|Waterfall|p1a: Toxapex
|-resisted|p1a: Toxapex
|-damage|p1a: Toxapex|22/100
|
|-heal|p1a: Toxapex|28/100|[from] item: Black Sludge
|-damage|p2a: Swampert|0 fnt|[from] psn
|faint|p2a: Swampert
|upkeep
|inactive|kratosmana has 150 seconds left.
|
|switch|p2a: Kartana|Kartana|43/100
|-damage|p2a: Kartana|37/100|[from] Stealth Rock
|turn|18
|inactive|Empo has 120 seconds left.
|inactive|kratosmana has 120 seconds left.
|
|switch|p1a: Excadrill|Excadrill, F|100/100
|-damage|p1a: Excadrill|97/100|[from] Stealth Rock
|move|p2a: Kartana|Knock Off|p1a: Excadrill
|-damage|p1a: Excadrill|53/100
|
|upkeep
|turn|19
|
|switch|p2a: Tornadus|Tornadus-Therian, M|100/100
|-damage|p2a: Tornadus|76/100|[from] Stealth Rock
|-zpower|p1a: Excadrill
|move|p1a: Excadrill|Corkscrew Crash|p2a: Tornadus|[zeffect]
|-damage|p2a: Tornadus|0 fnt
|faint|p2a: Tornadus
|
|upkeep
|
|switch|p2a: Kartana|Kartana|37/100
|-damage|p2a: Kartana|31/100|[from] Stealth Rock
|turn|20
|inactive|Empo has 120 seconds left.
|
|switch|p1a: Celesteela|Celesteela|67/100
|-damage|p1a: Celesteela|54/100|[from] Stealth Rock
|move|p2a: Kartana|Leaf Blade|p1a: Celesteela
|-resisted|p1a: Celesteela
|-damage|p1a: Celesteela|45/100
|
|-heal|p1a: Celesteela|51/100|[from] item: Leftovers
|upkeep
|turn|21
|inactive|kratosmana has 120 seconds left.
|
|switch|p2a: Pelipper|Pelipper, M|42/100
|-damage|p2a: Pelipper|17/100|[from] Stealth Rock
|-weather|RainDance|[from] ability: Drizzle|[of] p2a: Pelipper
|move|p1a: Celesteela|Heavy Slam|p2a: Pelipper
|-resisted|p2a: Pelipper
|-damage|p2a: Pelipper|0 fnt
|faint|p2a: Pelipper
|-ability|p1a: Celesteela|Beast Boost|boost
|-boost|p1a: Celesteela|def|1
|
|-weather|RainDance|[upkeep]
|-heal|p1a: Celesteela|57/100|[from] item: Leftovers
|upkeep
|inactive|kratosmana has 120 seconds left.
|
|switch|p2a: Kartana|Kartana|31/100
|-damage|p2a: Kartana|24/100|[from] Stealth Rock
|turn|22
|
|move|p1a: Celesteela|Protect|p1a: Celesteela
|-singleturn|p1a: Celesteela|Protect
|move|p2a: Kartana|Knock Off|p1a: Celesteela
|-activate|p1a: Celesteela|move: Protect
|
|-weather|RainDance|[upkeep]
|-heal|p1a: Celesteela|63/100|[from] item: Leftovers
|upkeep
|turn|23
|
|move|p2a: Kartana|Knock Off|p1a: Celesteela
|-damage|p1a: Celesteela|43/100
|-enditem|p1a: Celesteela|Leftovers|[from] move: Knock Off|[of] p2a: Kartana
|move|p1a: Celesteela|Flamethrower|p2a: Kartana
|-supereffective|p2a: Kartana
|-damage|p2a: Kartana|0 fnt
|faint|p2a: Kartana
|-ability|p1a: Celesteela|Beast Boost|boost
|-boost|p1a: Celesteela|def|1
|
|-weather|RainDance|[upkeep]
|upkeep
|
|switch|p2a: Manaphy|Manaphy|59/100
|-damage|p2a: Manaphy|47/100|[from] Stealth Rock
|turn|24
|c|☆kratosmana|gg
|inactive|kratosmana has 150 seconds left.
|c|☆Empo|gg
|
|switch|p1a: Tyranitar|Tyranitar, M|50/100
|-damage|p1a: Tyranitar|38/100|[from] Stealth Rock
|-weather|Sandstorm|[from] ability: Sand Stream|[of] p1a: Tyranitar
|move|p2a: Manaphy|Tail Glow|p2a: Manaphy
|-boost|p2a: Manaphy|spa|3
|
|-weather|Sandstorm|[upkeep]
|-damage|p2a: Manaphy|41/100|[from] Sandstorm
|upkeep
|turn|25
|
|move|p1a: Tyranitar|Crunch|p2a: Manaphy
|-damage|p2a: Manaphy|0 fnt
|faint|p2a: Manaphy
|
|-weather|Sandstorm|[upkeep]
|upkeep
|c|☆Empo|GO RUINERS
|
|switch|p2a: Magearna|Magearna|39/100
|-damage|p2a: Magearna|33/100|[from] Stealth Rock
|turn|26
|
|switch|p1a: Toxapex|Toxapex, M|62/100
|-damage|p1a: Toxapex|49/100|[from] Stealth Rock
|move|p2a: Magearna|Fleur Cannon|p1a: Toxapex
|-resisted|p1a: Toxapex
|-damage|p1a: Toxapex|30/100
|-unboost|p2a: Magearna|spa|2
|
|-weather|Sandstorm|[upkeep]
|-damage|p1a: Toxapex|24/100|[from] Sandstorm
|-heal|p1a: Toxapex|30/100|[from] item: Black Sludge
|upkeep
|turn|27
|inactive|kratosmana has 180 seconds left.
|
|move|p2a: Magearna|Volt Switch|p1a: Toxapex
|-supereffective|p1a: Toxapex
|-damage|p1a: Toxapex|15/100
|move|p1a: Toxapex|Recover|p1a: Toxapex
|-heal|p1a: Toxapex|65/100
|
|-weather|Sandstorm|[upkeep]
|-damage|p1a: Toxapex|58/100|[from] Sandstorm
|-heal|p1a: Toxapex|65/100|[from] item: Black Sludge
|upkeep
|turn|28
|
|move|p2a: Magearna|Volt Switch|p1a: Toxapex
|-supereffective|p1a: Toxapex
|-damage|p1a: Toxapex|50/100
|move|p1a: Toxapex|Recover|p1a: Toxapex
|-heal|p1a: Toxapex|99/100
|
|-weather|none
|-heal|p1a: Toxapex|100/100|[from] item: Black Sludge
|upkeep
|turn|29
|-message|kratosmana forfeited.
|
|win|Empo
