|inactive|Battle timer is ON: inactive players will automatically lose when time's up.
|t:|1718029446
|gametype|singles
|player|p1|Welli0u|#wcop2024france|
|player|p2|Empo|#empo|
|teamsize|p1|6
|teamsize|p2|6
|gen|7
|tier|[Gen 7] OU
|rule|Sleep Clause Mod: Limit one foe put to sleep
|rule|Species Clause: Limit one of each Pokémon
|rule|OHKO Clause: OHKO moves are banned
|rule|Moody Clause: Moody is banned
|rule|Evasion Items Clause: Evasion items are banned
|rule|Evasion Moves Clause: Evasion moves are banned
|rule|Endless Battle Clause: Forcing endless battles is banned
|rule|HP Percentage Mod: HP is shown in percentages
|clearpoke
|poke|p1|Latias, F|item
|poke|p1|Heatran, F|item
|poke|p1|Gliscor, F|item
|poke|p1|Tornadus-Therian, M|item
|poke|p1|Toxapex, F|item
|poke|p1|Clefable, F|item
|poke|p2|Alakazam, F|item
|poke|p2|Tapu Lele|item
|poke|p2|Kommo-o, M|item
|poke|p2|Kartana|item
|poke|p2|Landorus-Therian, M|item
|poke|p2|Magearna|item
|teampreview
|c|☆Empo|hf
|raw|<div class="broadcast-red"><strong>Moderated chat was set to ☆!</strong><br />Only users of rank ☆ and higher can talk.</div>
|c|☆Welli0u|gl
|inactive|Welli0u has 270 seconds left.
|inactive|Empo has 270 seconds left.
|inactive|Welli0u has 240 seconds left.
|inactive|Empo has 240 seconds left.
|inactive|Empo has 210 seconds left.
|inactive|Empo has 180 seconds left.
|
|t:|1718029578
|start
|switch|p1a: DRILL FR|Heatran, F|100/100
|switch|p2a: Magearna|Magearna|100/100
|turn|1
|inactive|Empo has 210 seconds left.
|
|t:|1718029611
|move|p1a: DRILL FR|Stealth Rock|p2a: Magearna
|-sidestart|p2: Empo|move: Stealth Rock
|move|p2a: Magearna|Volt Switch|p1a: DRILL FR
|-damage|p1a: DRILL FR|87/100
|inactive|Empo has 210 seconds left.
|
|t:|1718029618
|switch|p2a: Landorus|Landorus-Therian, M|100/100|[from] Volt Switch
|-damage|p2a: Landorus|88/100|[from] Stealth Rock
|-ability|p2a: Landorus|Intimidate|boost
|-unboost|p1a: DRILL FR|atk|1
|
|-heal|p1a: DRILL FR|93/100|[from] item: Leftovers
|upkeep
|turn|2
|inactive|Empo has 210 seconds left.
|inactive|Welli0u has 270 seconds left.
|inactive|Empo has 180 seconds left.
|
|t:|1718029668
|switch|p1a: DREAMLIFE|Tornadus-Therian, M|100/100
|move|p2a: Landorus|Stealth Rock|p1a: DREAMLIFE
|-sidestart|p1: Welli0u|move: Stealth Rock
|
|upkeep
|turn|3
|inactive|Welli0u has 270 seconds left.
|inactive|Empo has 150 seconds left.
|inactive|Welli0u has 240 seconds left.
|inactive|Empo has 120 seconds left.
|
|t:|1718029745
|switch|p2a: Magearna|Magearna|100/100
|-damage|p2a: Magearna|94/100|[from] Stealth Rock
|move|p1a: DREAMLIFE|U-turn|p2a: Magearna
|-resisted|p2a: Magearna
|-damage|p2a: Magearna|92/100
|
|t:|1718029757
|switch|p1a: BLUE|Toxapex, F|100/100|[from] U-turn
|-damage|p1a: BLUE|88/100|[from] Stealth Rock
|
|-heal|p1a: BLUE|94/100|[from] item: Black Sludge
|upkeep
|turn|4
|inactive|Empo has 90 seconds left.
|
|t:|1718029789
|move|p2a: Magearna|Volt Switch|p1a: BLUE
|-supereffective|p1a: BLUE
|-damage|p1a: BLUE|65/100
|
|t:|1718029791
|switch|p2a: Alakazam|Alakazam, F|100/100|[from] Volt Switch
|move|p1a: BLUE|Toxic Spikes|p2a: Alakazam
|-sidestart|p2: Empo|move: Toxic Spikes
|
|-heal|p1a: BLUE|72/100|[from] item: Black Sludge
|upkeep
|turn|5
|inactive|Empo has 90 seconds left.
|
|t:|1718029812
|switch|p1a: DRILL FR|Heatran, F|93/100
|-damage|p1a: DRILL FR|81/100|[from] Stealth Rock
|move|p2a: Alakazam|Psychic|p1a: DRILL FR
|-resisted|p1a: DRILL FR
|-damage|p1a: DRILL FR|65/100
|
|-heal|p1a: DRILL FR|71/100|[from] item: Leftovers
|upkeep
|turn|6
|inactive|Empo has 90 seconds left.
|inactive|Welli0u has 210 seconds left.
|inactive|Empo has 60 seconds left.
|inactive|Welli0u has 180 seconds left.
|
|t:|1718029872
|move|p2a: Alakazam|Calm Mind|p2a: Alakazam
|-boost|p2a: Alakazam|spa|1
|-boost|p2a: Alakazam|spd|1
|move|p1a: DRILL FR|Toxic|p2a: Alakazam
|-status|p2a: Alakazam|tox
|
|-heal|p1a: DRILL FR|78/100|[from] item: Leftovers
|upkeep
|turn|7
|inactive|Welli0u has 180 seconds left.
|inactive|Empo has 60 seconds left.
|
|t:|1718029892
|switch|p1a: DREAMLIFE|Tornadus-Therian, M|100/100
|-damage|p1a: DREAMLIFE|76/100|[from] Stealth Rock
|move|p2a: Alakazam|Calm Mind|p2a: Alakazam
|-boost|p2a: Alakazam|spa|1
|-boost|p2a: Alakazam|spd|1
|
|upkeep
|turn|8
|inactive|Welli0u has 180 seconds left.
|inactive|Empo has 30 seconds left.
|
|t:|1718029927
|move|p2a: Alakazam|Psychic|p1a: DREAMLIFE
|-damage|p1a: DREAMLIFE|0 fnt
|faint|p1a: DREAMLIFE
|
|upkeep
|
|t:|1718029942
|switch|p1a: S M B|Gliscor, F|100/100
|-damage|p1a: S M B|88/100|[from] Stealth Rock
|turn|9
|inactive|Empo has 30 seconds left.
|
|t:|1718029958
|move|p2a: Alakazam|Psychic|p1a: S M B
|-damage|p1a: S M B|0 fnt
|faint|p1a: S M B
|
|upkeep
|
|t:|1718029962
|switch|p1a: EUROSTAR|Clefable, F|100/100
|turn|10
|
|t:|1718029972
|move|p2a: Alakazam|Psychic|p1a: EUROSTAR
|-damage|p1a: EUROSTAR|7/100
|move|p1a: EUROSTAR|Moonblast|p2a: Alakazam
|-damage|p2a: Alakazam|69/100 tox
|
|upkeep
|turn|11
|
|t:|1718029978
|move|p2a: Alakazam|Psychic|p1a: EUROSTAR
|-damage|p1a: EUROSTAR|0 fnt
|faint|p1a: EUROSTAR
|
|upkeep
|
|t:|1718029980
|switch|p1a: DRILL FR|Heatran, F|78/100
|-damage|p1a: DRILL FR|65/100|[from] Stealth Rock
|turn|12
|inactive|Empo has 60 seconds left.
|
|t:|1718030003
|move|p2a: Alakazam|Shadow Ball|p1a: DRILL FR
|-damage|p1a: DRILL FR|28/100
|move|p1a: DRILL FR|Lava Plume|p2a: Alakazam
|-damage|p2a: Alakazam|45/100 tox
|
|-heal|p1a: DRILL FR|34/100|[from] item: Leftovers
|upkeep
|turn|13
|
|t:|1718030009
|move|p2a: Alakazam|Calm Mind|p2a: Alakazam
|-boost|p2a: Alakazam|spa|1
|-boost|p2a: Alakazam|spd|1
|move|p1a: DRILL FR|Lava Plume|p2a: Alakazam
|-damage|p2a: Alakazam|27/100 tox
|
|-heal|p1a: DRILL FR|40/100|[from] item: Leftovers
|upkeep
|turn|14
|inactive|Welli0u has 210 seconds left.
|inactive|Empo has 60 seconds left.
|
|t:|1718030027
|move|p1a: DRILL FR|Protect|p1a: DRILL FR
|-singleturn|p1a: DRILL FR|Protect
|move|p2a: Alakazam|Shadow Ball|p1a: DRILL FR
|-activate|p1a: DRILL FR|move: Protect
|
|-heal|p1a: DRILL FR|46/100|[from] item: Leftovers
|upkeep
|turn|15
|
|t:|1718030030
|move|p2a: Alakazam|Shadow Ball|p1a: DRILL FR
|-damage|p1a: DRILL FR|0 fnt
|faint|p1a: DRILL FR
|
|upkeep
|c|☆Welli0u|gg
|-message|Welli0u forfeited.
|
|win|Empo
|c|☆Empo|ggs
|player|p1|
|player|p2|
