|inactive|Battle timer is ON: inactive players will automatically lose when time's up.
|t:|1717358892
|gametype|singles
|player|p1|Santu|#scl3platoon|
|player|p2|Empo|#empo|
|teamsize|p1|6
|teamsize|p2|6
|gen|7
|tier|[Gen 7] OU
|rule|Sleep Clause Mod: Limit one foe put to sleep
|rule|Species Clause: Limit one of each Pokémon
|rule|OHKO Clause: OHKO moves are banned
|rule|Moody Clause: Moody is banned
|rule|Evasion Items Clause: Evasion items are banned
|rule|Evasion Moves Clause: Evasion moves are banned
|rule|Endless Battle Clause: Forcing endless battles is banned
|rule|HP Percentage Mod: HP is shown in percentages
|clearpoke
|poke|p1|Serperior, M|item
|poke|p1|Latios, M|item
|poke|p1|Jirachi|item
|poke|p1|Gliscor, M|item
|poke|p1|Heatran, M|item
|poke|p1|Toxapex, M|item
|poke|p2|Scizor, M|item
|poke|p2|Landorus-Therian, M|item
|poke|p2|Heatran, F|item
|poke|p2|Tornadus-Therian, M|item
|poke|p2|Greninja-*, M|item
|poke|p2|Toxapex, M|item
|teampreview
|c|☆Empo|hf
|c|☆Santu|hf
|inactive|Santu has 270 seconds left.
|inactive|Empo has 270 seconds left.
|inactive|Santu has 240 seconds left.
|inactive|Empo has 240 seconds left.
|raw|<div class="broadcast-red"><strong>Moderated chat was set to ☆!</strong><br />Only users of rank ☆ and higher can talk.</div>
|inactive|Santu has 210 seconds left.
|inactive|Empo has 210 seconds left.
|inactive|Santu has 180 seconds left.
|inactive|Empo has 180 seconds left.
|
|t:|1717359025
|start
|switch|p1a: Toxapex|Toxapex, M|100/100
|switch|p2a: Tornadus|Tornadus-Therian, M|100/100
|turn|1
|inactive|Santu has 240 seconds left.
|inactive|Empo has 210 seconds left.
|inactive|Empo has 180 seconds left.
|
|t:|1717359094
|move|p1a: Toxapex|Baneful Bunker|p1a: Toxapex
|-singleturn|p1a: Toxapex|move: Protect
|move|p2a: Tornadus|Taunt|p1a: Toxapex
|-activate|p1a: Toxapex|move: Protect
|
|upkeep
|turn|2
|inactive|Empo has 180 seconds left.
|
|t:|1717359123
|move|p2a: Tornadus|Taunt|p1a: Toxapex
|-start|p1a: Toxapex|move: Taunt
|move|p1a: Toxapex|Knock Off|p2a: Tornadus
|-damage|p2a: Tornadus|87/100
|
|upkeep
|turn|3
|inactive|Santu has 210 seconds left.
|inactive|Empo has 150 seconds left.
|
|t:|1717359149
|move|p2a: Tornadus|Knock Off|p1a: Toxapex
|-damage|p1a: Toxapex|86/100
|-enditem|p1a: Toxapex|Black Sludge|[from] move: Knock Off|[of] p2a: Tornadus
|move|p1a: Toxapex|Knock Off|p2a: Tornadus
|-damage|p2a: Tornadus|74/100
|
|upkeep
|turn|4
|inactive|Santu has 210 seconds left.
|inactive|Empo has 150 seconds left.
|
|t:|1717359162
|move|p2a: Tornadus|Hurricane|p1a: Toxapex|[miss]
|-miss|p2a: Tornadus|p1a: Toxapex
|move|p1a: Toxapex|Knock Off|p2a: Tornadus
|-damage|p2a: Tornadus|62/100
|
|-end|p1a: Toxapex|move: Taunt
|upkeep
|turn|5
|inactive|Santu has 210 seconds left.
|inactive|Empo has 150 seconds left.
|inactive|Empo has 120 seconds left.
|
|t:|1717359205
|switch|p1a: Heatran|Heatran, M|100/100
|move|p2a: Tornadus|Taunt|p1a: Heatran
|-start|p1a: Heatran|move: Taunt
|
|upkeep
|turn|6
|inactive|Empo has 120 seconds left.
|
|t:|1717359222
|switch|p2a: Heatran|Heatran, F|100/100
|switch|p1a: Toxapex|Toxapex, M|100/100
|
|upkeep
|turn|7
|inactive|Santu has 180 seconds left.
|inactive|Empo has 90 seconds left.
|
|t:|1717359258
|switch|p1a: Latios|Latios, M|100/100
|move|p2a: Heatran|Stealth Rock|p1a: Latios
|-sidestart|p1: Santu|move: Stealth Rock
|
|upkeep
|turn|8
|inactive|Empo has 90 seconds left.
|
|t:|1717359278
|switch|p1a: Gliscor|Gliscor, M|100/100
|-damage|p1a: Gliscor|88/100|[from] Stealth Rock
|switch|p2a: Scizor|Scizor, M|100/100
|
|-status|p1a: Gliscor|tox|[from] item: Toxic Orb
|upkeep
|turn|9
|inactive|Empo has 90 seconds left.
|
|t:|1717359283
|detailschange|p2a: Scizor|Scizor-Mega, M
|-mega|p2a: Scizor|Scizor|Scizorite
|move|p1a: Gliscor|Defog|p2a: Scizor
|-unboost|p2a: Scizor|evasion|1
|-sideend|p1: Santu|Stealth Rock|[from] move: Defog|[of] p1a: Gliscor
|move|p2a: Scizor|U-turn|p1a: Gliscor
|-resisted|p1a: Gliscor
|-damage|p1a: Gliscor|77/100 tox
|inactive|Empo has 90 seconds left.
|
|t:|1717359295
|switch|p2a: Greninja|Greninja, M|100/100|[from] U-turn
|
|-heal|p1a: Gliscor|89/100 tox|[from] ability: Poison Heal
|upkeep
|turn|10
|inactive|Santu has 180 seconds left.
|inactive|Empo has 90 seconds left.
|
|t:|1717359317
|switch|p1a: Toxapex|Toxapex, M|100/100
|move|p2a: Greninja|Spikes|p1a: Toxapex
|-sidestart|p1: Santu|Spikes
|
|upkeep
|turn|11
|inactive|Empo has 90 seconds left.
|
|t:|1717359331
|switch|p2a: Tornadus|Tornadus-Therian, M|95/100
|move|p1a: Toxapex|Knock Off|p2a: Tornadus
|-damage|p2a: Tornadus|83/100
|
|upkeep
|turn|12
|inactive|Empo has 90 seconds left.
|inactive|Santu has 150 seconds left.
|
|t:|1717359366
|move|p2a: Tornadus|Taunt|p1a: Toxapex
|-start|p1a: Toxapex|move: Taunt
|move|p1a: Toxapex|Knock Off|p2a: Tornadus
|-damage|p2a: Tornadus|71/100
|
|upkeep
|turn|13
|inactive|Santu has 150 seconds left.
|
|t:|1717359373
|move|p2a: Tornadus|Hurricane|p1a: Toxapex
|-damage|p1a: Toxapex|67/100
|move|p1a: Toxapex|Knock Off|p2a: Tornadus
|-damage|p2a: Tornadus|58/100
|
|upkeep
|turn|14
|inactive|Santu has 150 seconds left.
|inactive|Empo has 90 seconds left.
|
|t:|1717359409
|switch|p1a: Heatran|Heatran, M|100/100
|-damage|p1a: Heatran|88/100|[from] Spikes
|move|p2a: Tornadus|U-turn|p1a: Heatran
|-resisted|p1a: Heatran
|-damage|p1a: Heatran|85/100
|
|t:|1717359420
|switch|p2a: Landorus|Landorus-Therian, M|100/100|[from] U-turn
|-ability|p2a: Landorus|Intimidate|boost
|-unboost|p1a: Heatran|atk|1
|
|upkeep
|turn|15
|inactive|Santu has 150 seconds left.
|
|t:|1717359458
|switch|p1a: Gliscor|Gliscor, M|89/100 tox
|move|p2a: Landorus|U-turn|p1a: Gliscor
|-resisted|p1a: Gliscor
|-damage|p1a: Gliscor|83/100 tox
|inactive|Empo has 60 seconds left.
|
|t:|1717359476
|switch|p2a: Tornadus|Tornadus-Therian, M|91/100|[from] U-turn
|
|-heal|p1a: Gliscor|95/100 tox|[from] ability: Poison Heal
|upkeep
|turn|16
|inactive|Empo has 60 seconds left.
|inactive|Santu has 120 seconds left.
|inactive|Santu has 90 seconds left.
|
|t:|1717359538
|move|p2a: Tornadus|Hurricane|p1a: Gliscor|[miss]
|-miss|p2a: Tornadus|p1a: Gliscor
|move|p1a: Gliscor|U-turn|p2a: Tornadus
|-resisted|p2a: Tornadus
|-damage|p2a: Tornadus|80/100
|
|t:|1717359543
|switch|p1a: Heatran|Heatran, M|85/100|[from] U-turn
|-damage|p1a: Heatran|73/100|[from] Spikes
|
|upkeep
|turn|17
|inactive|Santu has 90 seconds left.
|
|t:|1717359569
|move|p2a: Tornadus|U-turn|p1a: Heatran
|-resisted|p1a: Heatran
|-damage|p1a: Heatran|70/100
|
|t:|1717359571
|switch|p2a: Heatran|Heatran, F|100/100|[from] U-turn
|move|p1a: Heatran|Stealth Rock|p2a: Heatran
|-sidestart|p2: Empo|move: Stealth Rock
|
|upkeep
|turn|18
|
|t:|1717359583
|switch|p1a: Gliscor|Gliscor, M|95/100 tox
|move|p2a: Heatran|Stealth Rock|p1a: Gliscor
|-sidestart|p1: Santu|move: Stealth Rock
|
|-heal|p1a: Gliscor|100/100 tox|[from] ability: Poison Heal
|upkeep
|turn|19
|inactive|Santu has 90 seconds left.
|
|t:|1717359600
|switch|p2a: Greninja|Greninja, M|100/100
|-damage|p2a: Greninja|88/100|[from] Stealth Rock
|move|p1a: Gliscor|Defog|p2a: Greninja
|-unboost|p2a: Greninja|evasion|1
|-sideend|p2: Empo|Stealth Rock|[from] move: Defog|[of] p1a: Gliscor
|-sideend|p1: Santu|Spikes|[from] move: Defog|[of] p1a: Gliscor
|-sideend|p1: Santu|Stealth Rock|[from] move: Defog|[of] p1a: Gliscor
|
|upkeep
|turn|20
|inactive|Santu has 90 seconds left.
|
|t:|1717359612
|switch|p1a: Jirachi|Jirachi|100/100
|move|p2a: Greninja|Surf|p1a: Jirachi
|-damage|p1a: Jirachi|57/100
|
|-heal|p1a: Jirachi|63/100|[from] item: Leftovers
|upkeep
|turn|21
|inactive|Santu has 90 seconds left.
|
|t:|1717359628
|switch|p2a: Heatran|Heatran, F|100/100
|move|p1a: Jirachi|Body Slam|p2a: Heatran
|-resisted|p2a: Heatran
|-damage|p2a: Heatran|92/100
|
|-heal|p1a: Jirachi|70/100|[from] item: Leftovers
|-heal|p2a: Heatran|98/100|[from] item: Leftovers
|upkeep
|turn|22
|
|t:|1717359633
|switch|p1a: Gliscor|Gliscor, M|100/100 tox
|move|p2a: Heatran|Stealth Rock|p1a: Gliscor
|-sidestart|p1: Santu|move: Stealth Rock
|
|-heal|p2a: Heatran|100/100|[from] item: Leftovers
|upkeep
|turn|23
|
|t:|1717359641
|switch|p2a: Greninja|Greninja, M|88/100
|move|p1a: Gliscor|Defog|p2a: Greninja
|-unboost|p2a: Greninja|evasion|1
|-sideend|p1: Santu|Stealth Rock|[from] move: Defog|[of] p1a: Gliscor
|
|upkeep
|turn|24
|inactive|Santu has 90 seconds left.
|
|t:|1717359666
|switch|p1a: Toxapex|Toxapex, M|99/100
|move|p2a: Greninja|Surf|p1a: Toxapex
|-resisted|p1a: Toxapex
|-damage|p1a: Toxapex|81/100
|
|upkeep
|turn|25
|inactive|Santu has 90 seconds left.
|
|t:|1717359678
|switch|p1a: Latios|Latios, M|100/100
|move|p2a: Greninja|Surf|p1a: Latios
|-resisted|p1a: Latios
|-damage|p1a: Latios|63/100
|
|upkeep
|turn|26
|inactive|Santu has 90 seconds left.
|
|t:|1717359695
|switch|p2a: Scizor|Scizor-Mega, M|100/100
|switch|p1a: Heatran|Heatran, M|70/100
|
|upkeep
|turn|27
|inactive|Santu has 90 seconds left.
|
|t:|1717359706
|switch|p2a: Heatran|Heatran, F|100/100
|move|p1a: Heatran|Stealth Rock|p2a: Heatran
|-sidestart|p2: Empo|move: Stealth Rock
|
|upkeep
|turn|28
|inactive|Empo has 60 seconds left.
|
|t:|1717359728
|switch|p1a: Latios|Latios, M|63/100
|move|p2a: Heatran|Stealth Rock|p1a: Latios
|-sidestart|p1: Santu|move: Stealth Rock
|
|upkeep
|turn|29
|inactive|Empo has 60 seconds left.
|
|t:|1717359739
|switch|p2a: Scizor|Scizor-Mega, M|100/100
|-damage|p2a: Scizor|88/100|[from] Stealth Rock
|detailschange|p1a: Latios|Latios-Mega, M
|-mega|p1a: Latios|Latios|Latiosite
|move|p1a: Latios|Earthquake|p2a: Scizor
|-damage|p2a: Scizor|65/100
|
|upkeep
|turn|30
|inactive|Empo has 60 seconds left.
|inactive|Santu has 90 seconds left.
|
|t:|1717359760
|switch|p1a: Toxapex|Toxapex, M|100/100
|-damage|p1a: Toxapex|88/100|[from] Stealth Rock
|move|p2a: Scizor|U-turn|p1a: Toxapex
|-resisted|p1a: Toxapex
|-damage|p1a: Toxapex|75/100
|
|t:|1717359764
|switch|p2a: Tornadus|Tornadus-Therian, M|100/100|[from] U-turn
|-damage|p2a: Tornadus|76/100|[from] Stealth Rock
|
|upkeep
|turn|31
|
|t:|1717359771
|switch|p1a: Jirachi|Jirachi|70/100
|-damage|p1a: Jirachi|63/100|[from] Stealth Rock
|move|p2a: Tornadus|Hurricane|p1a: Jirachi|[miss]
|-miss|p2a: Tornadus|p1a: Jirachi
|
|-heal|p1a: Jirachi|70/100|[from] item: Leftovers
|upkeep
|turn|32
|
|t:|1717359793
|move|p2a: Tornadus|Knock Off|p1a: Jirachi
|-supereffective|p1a: Jirachi
|-damage|p1a: Jirachi|38/100
|-enditem|p1a: Jirachi|Leftovers|[from] move: Knock Off|[of] p2a: Tornadus
|move|p1a: Jirachi|Body Slam|p2a: Tornadus
|-damage|p2a: Tornadus|50/100
|-status|p2a: Tornadus|par
|
|upkeep
|turn|33
|inactive|Empo has 60 seconds left.
|
|t:|1717359809
|move|p1a: Jirachi|Wish|p1a: Jirachi
|move|p2a: Tornadus|U-turn|p1a: Jirachi
|-damage|p1a: Jirachi|28/100
|
|t:|1717359814
|switch|p2a: Greninja|Greninja, M|88/100|[from] U-turn
|-damage|p2a: Greninja|76/100|[from] Stealth Rock
|
|upkeep
|turn|34
|inactive|Empo has 60 seconds left.
|
|t:|1717359840
|move|p1a: Jirachi|Protect|p1a: Jirachi
|-singleturn|p1a: Jirachi|Protect
|move|p2a: Greninja|Spikes|p1a: Jirachi
|-sidestart|p1: Santu|Spikes
|
|-heal|p1a: Jirachi|78/100|[from] move: Wish|[wisher] Jirachi
|upkeep
|turn|35
|inactive|Empo has 60 seconds left.
|inactive|Santu has 90 seconds left.
|
|t:|1717359883
|switch|p2a: Landorus|Landorus-Therian, M|100/100
|-damage|p2a: Landorus|88/100|[from] Stealth Rock
|-ability|p2a: Landorus|Intimidate|boost
|-unboost|p1a: Jirachi|atk|1
|switch|p1a: Gliscor|Gliscor, M|100/100 tox
|-damage|p1a: Gliscor|88/100 tox|[from] Stealth Rock
|
|-heal|p1a: Gliscor|100/100 tox|[from] ability: Poison Heal
|upkeep
|turn|36
|inactive|Empo has 30 seconds left.
|
|t:|1717359903
|move|p1a: Gliscor|Defog|p2a: Landorus
|-unboost|p2a: Landorus|evasion|1
|-sideend|p2: Empo|Stealth Rock|[from] move: Defog|[of] p1a: Gliscor
|-sideend|p1: Santu|Spikes|[from] move: Defog|[of] p1a: Gliscor
|-sideend|p1: Santu|Stealth Rock|[from] move: Defog|[of] p1a: Gliscor
|move|p2a: Landorus|U-turn|p1a: Gliscor
|-resisted|p1a: Gliscor
|-damage|p1a: Gliscor|94/100 tox
|
|t:|1717359905
|switch|p2a: Greninja|Greninja, M|76/100|[from] U-turn
|
|-heal|p1a: Gliscor|100/100 tox|[from] ability: Poison Heal
|upkeep
|turn|37
|inactive|Santu has 90 seconds left.
|inactive|Empo has 30 seconds left.
|
|t:|1717359924
|move|p2a: Greninja|Spikes|p1a: Gliscor
|-sidestart|p1: Santu|Spikes
|move|p1a: Gliscor|U-turn|p2a: Greninja
|-supereffective|p2a: Greninja
|-damage|p2a: Greninja|25/100
|inactive|Santu has 60 seconds left.
|
|t:|1717359967
|switch|p1a: Latios|Latios-Mega, M|63/100|[from] U-turn
|
|upkeep
|turn|38
|
|t:|1717359975
|switch|p2a: Tornadus|Tornadus-Therian, M|83/100 par
|switch|p1a: Gliscor|Gliscor, M|100/100 tox
|
|upkeep
|turn|39
|inactive|Santu has 60 seconds left.
|inactive|Empo has 30 seconds left.
|
|t:|1717359997
|move|p1a: Gliscor|Defog|p2a: Tornadus
|-unboost|p2a: Tornadus|evasion|1
|-sideend|p1: Santu|Spikes|[from] move: Defog|[of] p1a: Gliscor
|cant|p2a: Tornadus|par
|
|upkeep
|turn|40
|
|t:|1717360005
|move|p1a: Gliscor|U-turn|p2a: Tornadus
|-resisted|p2a: Tornadus
|-damage|p2a: Tornadus|73/100 par
|inactive|Santu has 60 seconds left.
|
|t:|1717360013
|switch|p1a: Toxapex|Toxapex, M|100/100|[from] U-turn
|move|p2a: Tornadus|U-turn|p1a: Toxapex
|-resisted|p1a: Toxapex
|-damage|p1a: Toxapex|95/100
|
|t:|1717360017
|switch|p2a: Heatran|Heatran, F|100/100|[from] U-turn
|
|upkeep
|turn|41
|inactive|Santu has 60 seconds left.
|
|t:|1717360034
|move|p2a: Heatran|Stealth Rock|p1a: Toxapex
|-sidestart|p1: Santu|move: Stealth Rock
|move|p1a: Toxapex|Knock Off|p2a: Heatran
|-damage|p2a: Heatran|88/100
|-enditem|p2a: Heatran|Leftovers|[from] move: Knock Off|[of] p1a: Toxapex
|
|upkeep
|turn|42
|inactive|Empo has 60 seconds left.
|inactive|Santu has 60 seconds left.
|inactive|Empo has 30 seconds left.
|
|t:|1717360070
|switch|p1a: Gliscor|Gliscor, M|100/100 tox
|-damage|p1a: Gliscor|88/100 tox|[from] Stealth Rock
|move|p2a: Heatran|Magma Storm|p1a: Gliscor
|-damage|p1a: Gliscor|33/100 tox
|-activate|p1a: Gliscor|move: Magma Storm|[of] p2a: Heatran
|
|-heal|p1a: Gliscor|45/100 tox|[from] ability: Poison Heal
|-damage|p1a: Gliscor|33/100 tox|[from] move: Magma Storm|[partiallytrapped]
|upkeep
|turn|43
|inactive|Empo has 30 seconds left.
|inactive|Santu has 30 seconds left.
|
|t:|1717360090
|switch|p2a: Tornadus|Tornadus-Therian, M|100/100 par
|move|p1a: Gliscor|Earthquake|p2a: Tornadus
|-immune|p2a: Tornadus
|
|-heal|p1a: Gliscor|45/100 tox|[from] ability: Poison Heal
|-end|p1a: Gliscor|Magma Storm|[partiallytrapped]|[silent]
|upkeep
|turn|44
|inactive|Empo has 30 seconds left.
|inactive|Empo has 20 seconds left.
|
|t:|1717360110
|move|p1a: Gliscor|U-turn|p2a: Tornadus
|-resisted|p2a: Tornadus
|-damage|p2a: Tornadus|91/100 par
|inactive|Empo has 25 seconds left this turn.
|
|t:|1717360113
|switch|p1a: Jirachi|Jirachi|78/100|[from] U-turn
|-damage|p1a: Jirachi|72/100|[from] Stealth Rock
|-zpower|p2a: Tornadus
|move|p2a: Tornadus|Supersonic Skystrike|p1a: Jirachi|[zeffect]
|-resisted|p1a: Jirachi
|-damage|p1a: Jirachi|43/100
|
|upkeep
|turn|45
|inactive|Empo has 30 seconds left.
|
|t:|1717360119
|move|p1a: Jirachi|Wish|p1a: Jirachi
|move|p2a: Tornadus|U-turn|p1a: Jirachi
|-damage|p1a: Jirachi|32/100
|inactive|Empo has 30 seconds left.
|
|t:|1717360133
|switch|p2a: Greninja|Greninja, M|25/100|[from] U-turn
|
|upkeep
|turn|46
|
|t:|1717360141
|move|p1a: Jirachi|Protect|p1a: Jirachi
|-singleturn|p1a: Jirachi|Protect
|move|p2a: Greninja|Spikes|p1a: Jirachi
|-sidestart|p1: Santu|Spikes
|
|-heal|p1a: Jirachi|82/100|[from] move: Wish|[wisher] Jirachi
|upkeep
|turn|47
|inactive|Santu has 60 seconds left.
|
|t:|1717360155
|switch|p2a: Landorus|Landorus-Therian, M|88/100
|-ability|p2a: Landorus|Intimidate|boost
|-unboost|p1a: Jirachi|atk|1
|move|p1a: Jirachi|Wish|p1a: Jirachi
|
|upkeep
|turn|48
|inactive|Santu has 60 seconds left.
|inactive|Empo has 30 seconds left.
|inactive|Empo has 20 seconds left.
|
|t:|1717360180
|move|p1a: Jirachi|Body Slam|p2a: Landorus
|-damage|p2a: Landorus|79/100
|-status|p2a: Landorus|par
|-damage|p1a: Jirachi|66/100|[from] item: Rocky Helmet|[of] p2a: Landorus
|cant|p2a: Landorus|par
|
|-heal|p1a: Jirachi|100/100|[from] move: Wish|[wisher] Jirachi
|upkeep
|turn|49
|inactive|Empo has 30 seconds left this turn.
|
|t:|1717360189
|move|p1a: Jirachi|Wish|p1a: Jirachi
|move|p2a: Landorus|Earthquake|p1a: Jirachi
|-supereffective|p1a: Jirachi
|-damage|p1a: Jirachi|35/100
|
|upkeep
|turn|50
|inactive|Empo has 30 seconds left.
|inactive|Empo has 20 seconds left.
|
|t:|1717360206
|move|p1a: Jirachi|Protect|p1a: Jirachi
|-singleturn|p1a: Jirachi|Protect
|cant|p2a: Landorus|par
|
|-heal|p1a: Jirachi|85/100|[from] move: Wish|[wisher] Jirachi
|upkeep
|turn|51
|inactive|Empo has 30 seconds left this turn.
|
|t:|1717360212
|move|p1a: Jirachi|Wish|p1a: Jirachi
|move|p2a: Landorus|Earthquake|p1a: Jirachi
|-supereffective|p1a: Jirachi
|-damage|p1a: Jirachi|17/100
|
|upkeep
|turn|52
|inactive|Empo has 30 seconds left.
|
|t:|1717360224
|move|p1a: Jirachi|Protect|p1a: Jirachi
|-singleturn|p1a: Jirachi|Protect
|move|p2a: Landorus|Earthquake|p1a: Jirachi
|-activate|p1a: Jirachi|move: Protect
|
|-heal|p1a: Jirachi|67/100|[from] move: Wish|[wisher] Jirachi
|upkeep
|turn|53
|inactive|Santu has 90 seconds left.
|inactive|Empo has 30 seconds left.
|inactive|Empo has 20 seconds left.
|
|t:|1717360240
|move|p1a: Jirachi|Wish|p1a: Jirachi
|cant|p2a: Landorus|par
|
|upkeep
|turn|54
|inactive|Empo has 30 seconds left this turn.
|inactive|Santu has 90 seconds left.
|inactive|Empo has 20 seconds left.
|
|t:|1717360251
|move|p1a: Jirachi|Iron Head|p2a: Landorus
|-damage|p2a: Landorus|66/100 par
|-damage|p1a: Jirachi|50/100|[from] item: Rocky Helmet|[of] p2a: Landorus
|move|p2a: Landorus|Earthquake|p1a: Jirachi
|-supereffective|p1a: Jirachi
|-crit|p1a: Jirachi
|-damage|p1a: Jirachi|0 fnt
|faint|p1a: Jirachi
|
|upkeep
|inactive|Empo has 25 seconds left this turn.
|
|t:|1717360253
|switch|p1a: Gliscor|Gliscor, M|45/100 tox
|-damage|p1a: Gliscor|33/100 tox|[from] Stealth Rock
|turn|55
|inactive|Empo has 30 seconds left.
|
|t:|1717360258
|switch|p2a: Greninja|Greninja, M|25/100
|move|p1a: Gliscor|Defog|p2a: Greninja
|-unboost|p2a: Greninja|evasion|1
|-sideend|p1: Santu|Spikes|[from] move: Defog|[of] p1a: Gliscor
|-sideend|p1: Santu|Stealth Rock|[from] move: Defog|[of] p1a: Gliscor
|
|-heal|p1a: Gliscor|45/100 tox|[from] ability: Poison Heal
|upkeep
|turn|56
|inactive|Empo has 30 seconds left.
|
|t:|1717360271
|switch|p1a: Toxapex|Toxapex, M|100/100
|move|p2a: Greninja|Dark Pulse|p1a: Toxapex
|-damage|p1a: Toxapex|69/100
|
|upkeep
|turn|57
|
|t:|1717360276
|switch|p2a: Heatran|Heatran, F|88/100
|move|p1a: Toxapex|Recover|p1a: Toxapex
|-heal|p1a: Toxapex|100/100
|
|upkeep
|turn|58
|inactive|Santu has 120 seconds left.
|inactive|Empo has 30 seconds left.
|
|t:|1717360305
|switch|p1a: Gliscor|Gliscor, M|45/100 tox
|move|p2a: Heatran|Stealth Rock|p1a: Gliscor
|-sidestart|p1: Santu|move: Stealth Rock
|
|-heal|p1a: Gliscor|58/100 tox|[from] ability: Poison Heal
|upkeep
|turn|59
|inactive|Empo has 30 seconds left.
|
|t:|1717360328
|switch|p2a: Landorus|Landorus-Therian, M|66/100 par
|-ability|p2a: Landorus|Intimidate|boost
|-unboost|p1a: Gliscor|atk|1
|move|p1a: Gliscor|Defog|p2a: Landorus
|-unboost|p2a: Landorus|evasion|1
|-sideend|p1: Santu|Stealth Rock|[from] move: Defog|[of] p1a: Gliscor
|
|-heal|p1a: Gliscor|70/100 tox|[from] ability: Poison Heal
|upkeep
|turn|60
|inactive|Empo has 30 seconds left.
|inactive|Santu has 90 seconds left.
|
|t:|1717360343
|move|p1a: Gliscor|Roost|p1a: Gliscor
|-heal|p1a: Gliscor|100/100 tox
|-singleturn|p1a: Gliscor|move: Roost
|move|p2a: Landorus|Earthquake|p1a: Gliscor
|-damage|p1a: Gliscor|72/100 tox
|
|-heal|p1a: Gliscor|85/100 tox|[from] ability: Poison Heal
|upkeep
|turn|61
|inactive|Santu has 90 seconds left.
|inactive|Empo has 30 seconds left.
|
|t:|1717360364
|move|p1a: Gliscor|Earthquake|p2a: Landorus
|-immune|p2a: Landorus
|move|p2a: Landorus|Earthquake|p1a: Gliscor
|-immune|p1a: Gliscor
|
|-heal|p1a: Gliscor|97/100 tox|[from] ability: Poison Heal
|upkeep
|turn|62
|
|t:|1717360381
|move|p1a: Gliscor|Earthquake|p2a: Landorus
|-immune|p2a: Landorus
|move|p2a: Landorus|Earthquake|p1a: Gliscor
|-immune|p1a: Gliscor
|
|-heal|p1a: Gliscor|100/100 tox|[from] ability: Poison Heal
|upkeep
|turn|63
|inactive|Empo has 30 seconds left.
|
|t:|1717360396
|move|p1a: Gliscor|U-turn|p2a: Landorus
|-resisted|p2a: Landorus
|-damage|p2a: Landorus|63/100 par
|-damage|p1a: Gliscor|84/100 tox|[from] item: Rocky Helmet|[of] p2a: Landorus
|
|t:|1717360399
|switch|p1a: Latios|Latios-Mega, M|63/100|[from] U-turn
|move|p2a: Landorus|U-turn|p1a: Latios
|-supereffective|p1a: Latios
|-crit|p1a: Latios
|-damage|p1a: Latios|0 fnt
|faint|p1a: Latios
|inactive|Empo has 30 seconds left.
|
|t:|1717360412
|switch|p2a: Heatran|Heatran, F|88/100|[from] U-turn
|
|upkeep
|
|t:|1717360416
|switch|p1a: Gliscor|Gliscor, M|84/100 tox
|turn|64
|inactive|Santu has 90 seconds left.
|inactive|Empo has 30 seconds left.
|
|t:|1717360452
|switch|p2a: Toxapex|Toxapex, M|100/100
|move|p1a: Gliscor|U-turn|p2a: Toxapex
|-resisted|p2a: Toxapex
|-damage|p2a: Toxapex|95/100
|inactive|Empo has 30 seconds left this turn.
|
|t:|1717360470
|switch|p1a: Heatran|Heatran, M|70/100|[from] U-turn
|
|-heal|p2a: Toxapex|100/100|[from] item: Black Sludge
|upkeep
|turn|65
|
|t:|1717360476
|move|p1a: Heatran|Stealth Rock|p2a: Toxapex
|-sidestart|p2: Empo|move: Stealth Rock
|move|p2a: Toxapex|Scald|p1a: Heatran
|-supereffective|p1a: Heatran
|-damage|p1a: Heatran|44/100
|
|upkeep
|turn|66
|
|t:|1717360483
|switch|p1a: Gliscor|Gliscor, M|84/100 tox
|move|p2a: Toxapex|Scald|p1a: Gliscor
|-supereffective|p1a: Gliscor
|-damage|p1a: Gliscor|45/100 tox
|
|-heal|p1a: Gliscor|57/100 tox|[from] ability: Poison Heal
|upkeep
|turn|67
|
|t:|1717360492
|move|p1a: Gliscor|Roost|p1a: Gliscor
|-heal|p1a: Gliscor|100/100 tox
|-singleturn|p1a: Gliscor|move: Roost
|move|p2a: Toxapex|Scald|p1a: Gliscor
|-supereffective|p1a: Gliscor
|-damage|p1a: Gliscor|60/100 tox
|
|-heal|p1a: Gliscor|72/100 tox|[from] ability: Poison Heal
|upkeep
|turn|68
|inactive|Santu has 90 seconds left.
|inactive|Empo has 30 seconds left.
|inactive|Santu has 60 seconds left.
|
|t:|1717360539
|move|p1a: Gliscor|U-turn|p2a: Toxapex
|-resisted|p2a: Toxapex
|-damage|p2a: Toxapex|95/100
|
|t:|1717360540
|switch|p1a: Toxapex|Toxapex, M|100/100|[from] U-turn
|move|p2a: Toxapex|Scald|p1a: Toxapex
|-resisted|p1a: Toxapex
|-damage|p1a: Toxapex|95/100
|
|-heal|p2a: Toxapex|100/100|[from] item: Black Sludge
|upkeep
|turn|69
|inactive|Santu has 60 seconds left.
|
|t:|1717360549
|switch|p1a: Gliscor|Gliscor, M|72/100 tox
|move|p2a: Toxapex|Scald|p1a: Gliscor
|-supereffective|p1a: Gliscor
|-damage|p1a: Gliscor|32/100 tox
|
|-heal|p1a: Gliscor|44/100 tox|[from] ability: Poison Heal
|upkeep
|turn|70
|
|t:|1717360555
|switch|p2a: Landorus|Landorus-Therian, M|63/100 par
|-damage|p2a: Landorus|50/100 par|[from] Stealth Rock
|-ability|p2a: Landorus|Intimidate|boost
|-unboost|p1a: Gliscor|atk|1
|move|p1a: Gliscor|Roost|p1a: Gliscor
|-heal|p1a: Gliscor|94/100 tox
|-singleturn|p1a: Gliscor|move: Roost
|
|-heal|p1a: Gliscor|100/100 tox|[from] ability: Poison Heal
|upkeep
|turn|71
|inactive|Santu has 60 seconds left.
|inactive|Empo has 30 seconds left.
|
|t:|1717360588
|move|p1a: Gliscor|Earthquake|p2a: Landorus
|-immune|p2a: Landorus
|cant|p2a: Landorus|par
|
|upkeep
|turn|72
|
|t:|1717360590
|move|p1a: Gliscor|Earthquake|p2a: Landorus
|-immune|p2a: Landorus
|move|p2a: Landorus|Defog|p1a: Gliscor
|-unboost|p1a: Gliscor|evasion|1
|-sideend|p2: Empo|Stealth Rock|[from] move: Defog|[of] p2a: Landorus
|
|upkeep
|turn|73
|inactive|Santu has 60 seconds left.
|inactive|Empo has 30 seconds left.
|
|t:|1717360628
|move|p1a: Gliscor|Earthquake|p2a: Landorus
|-immune|p2a: Landorus
|move|p2a: Landorus|U-turn|p1a: Gliscor
|-resisted|p1a: Gliscor
|-damage|p1a: Gliscor|93/100 tox
|
|t:|1717360631
|switch|p2a: Greninja|Greninja, M|25/100|[from] U-turn
|
|-heal|p1a: Gliscor|100/100 tox|[from] ability: Poison Heal
|upkeep
|turn|74
|
|t:|1717360648
|switch|p1a: Toxapex|Toxapex, M|100/100
|move|p2a: Greninja|Surf|p1a: Toxapex
|-resisted|p1a: Toxapex
|-damage|p1a: Toxapex|81/100
|
|upkeep
|turn|75
|inactive|Santu has 30 seconds left.
|
|t:|1717360672
|switch|p2a: Toxapex|Toxapex, M|100/100
|switch|p1a: Heatran|Heatran, M|44/100
|
|upkeep
|turn|76
|
|t:|1717360675
|move|p1a: Heatran|Stealth Rock|p2a: Toxapex
|-sidestart|p2: Empo|move: Stealth Rock
|move|p2a: Toxapex|Scald|p1a: Heatran
|-supereffective|p1a: Heatran
|-damage|p1a: Heatran|14/100
|
|upkeep
|turn|77
|inactive|Santu has 30 seconds left.
|inactive|Empo has 30 seconds left.
|
|t:|1717360708
|-zpower|p1a: Heatran
|move|p1a: Heatran|Inferno Overdrive|p2a: Toxapex|[zeffect]
|-resisted|p2a: Toxapex
|-damage|p2a: Toxapex|73/100
|move|p2a: Toxapex|Scald|p1a: Heatran
|-supereffective|p1a: Heatran
|-damage|p1a: Heatran|0 fnt
|faint|p1a: Heatran
|
|-heal|p2a: Toxapex|79/100|[from] item: Black Sludge
|upkeep
|inactive|Santu has 30 seconds left this turn.
|
|t:|1717360710
|switch|p1a: Serperior|Serperior, M|100/100
|turn|78
|inactive|Santu has 30 seconds left.
|inactive|Empo has 30 seconds left.
|inactive|Santu has 20 seconds left.
|
|t:|1717360732
|switch|p2a: Scizor|Scizor-Mega, M|65/100
|-damage|p2a: Scizor|53/100|[from] Stealth Rock
|move|p1a: Serperior|Substitute|p1a: Serperior
|-start|p1a: Serperior|Substitute
|-damage|p1a: Serperior|75/100
|
|-heal|p1a: Serperior|82/100|[from] item: Leftovers
|upkeep
|turn|79
|inactive|Santu has 30 seconds left this turn.
|
|t:|1717360735
|move|p1a: Serperior|Hidden Power|p2a: Scizor
|-supereffective|p2a: Scizor
|-damage|p2a: Scizor|12/100
|move|p2a: Scizor|U-turn|p1a: Serperior
|-supereffective|p1a: Serperior
|-end|p1a: Serperior|Substitute
|
|t:|1717360739
|switch|p2a: Tornadus|Tornadus-Therian, M|100/100 par|[from] U-turn
|-damage|p2a: Tornadus|76/100 par|[from] Stealth Rock
|
|-heal|p1a: Serperior|88/100|[from] item: Leftovers
|upkeep
|turn|80
|
|t:|1717360748
|switch|p1a: Gliscor|Gliscor, M|100/100 tox
|move|p2a: Tornadus|U-turn|p1a: Gliscor
|-resisted|p1a: Gliscor
|-damage|p1a: Gliscor|96/100 tox
|
|t:|1717360753
|switch|p2a: Landorus|Landorus-Therian, M|50/100 par|[from] U-turn
|-damage|p2a: Landorus|38/100 par|[from] Stealth Rock
|-ability|p2a: Landorus|Intimidate|boost
|-unboost|p1a: Gliscor|atk|1
|
|-heal|p1a: Gliscor|100/100 tox|[from] ability: Poison Heal
|upkeep
|turn|81
|inactive|Empo has 30 seconds left.
|
|t:|1717360786
|move|p1a: Gliscor|U-turn|p2a: Landorus
|-resisted|p2a: Landorus
|-damage|p2a: Landorus|35/100 par
|-damage|p1a: Gliscor|84/100 tox|[from] item: Rocky Helmet|[of] p2a: Landorus
|
|t:|1717360788
|switch|p1a: Serperior|Serperior, M|88/100|[from] U-turn
|move|p2a: Landorus|U-turn|p1a: Serperior
|-supereffective|p1a: Serperior
|-damage|p1a: Serperior|38/100
|
|t:|1717360791
|switch|p2a: Tornadus|Tornadus-Therian, M|100/100 par|[from] U-turn
|-damage|p2a: Tornadus|76/100 par|[from] Stealth Rock
|
|-heal|p1a: Serperior|44/100|[from] item: Leftovers
|upkeep
|turn|82
|
|t:|1717360797
|switch|p1a: Gliscor|Gliscor, M|84/100 tox
|move|p2a: Tornadus|U-turn|p1a: Gliscor
|-resisted|p1a: Gliscor
|-damage|p1a: Gliscor|80/100 tox
|
|t:|1717360800
|switch|p2a: Landorus|Landorus-Therian, M|35/100 par|[from] U-turn
|-damage|p2a: Landorus|22/100 par|[from] Stealth Rock
|-ability|p2a: Landorus|Intimidate|boost
|-unboost|p1a: Gliscor|atk|1
|
|-heal|p1a: Gliscor|92/100 tox|[from] ability: Poison Heal
|upkeep
|turn|83
|inactive|Empo has 30 seconds left.
|inactive|Santu has 60 seconds left.
|
|t:|1717360862
|move|p1a: Gliscor|U-turn|p2a: Landorus
|-resisted|p2a: Landorus
|-damage|p2a: Landorus|19/100 par
|-damage|p1a: Gliscor|75/100 tox|[from] item: Rocky Helmet|[of] p2a: Landorus
|
|t:|1717360863
|switch|p1a: Serperior|Serperior, M|44/100|[from] U-turn
|move|p2a: Landorus|Defog|p1a: Serperior
|-boost|p1a: Serperior|evasion|1
|-sideend|p2: Empo|Stealth Rock|[from] move: Defog|[of] p2a: Landorus
|
|-heal|p1a: Serperior|50/100|[from] item: Leftovers
|upkeep
|turn|84
|inactive|Santu has 60 seconds left.
|inactive|Empo has 30 seconds left.
|inactive|Empo has 20 seconds left.
|inactive|Santu has 30 seconds left.
|inactive|Empo has 15 seconds left.
|
|t:|1717360906
|switch|p2a: Scizor|Scizor-Mega, M|12/100
|move|p1a: Serperior|Leaf Storm|p2a: Scizor
|-resisted|p2a: Scizor
|-damage|p2a: Scizor|3/100
|-boost|p1a: Serperior|spa|2
|
|-heal|p1a: Serperior|56/100|[from] item: Leftovers
|upkeep
|turn|85
|inactive|Empo has 25 seconds left this turn.
|
|t:|1717360913
|switch|p1a: Gliscor|Gliscor, M|75/100 tox
|move|p2a: Scizor|Bullet Punch|p1a: Gliscor
|-damage|p1a: Gliscor|57/100 tox
|
|-heal|p1a: Gliscor|70/100 tox|[from] ability: Poison Heal
|upkeep
|turn|86
|inactive|Empo has 30 seconds left.
|
|t:|1717360918
|switch|p2a: Tornadus|Tornadus-Therian, M|100/100 par
|move|p1a: Gliscor|U-turn|p2a: Tornadus
|-resisted|p2a: Tornadus
|-damage|p2a: Tornadus|90/100 par
|
|t:|1717360921
|switch|p1a: Serperior|Serperior, M|56/100|[from] U-turn
|
|-heal|p1a: Serperior|62/100|[from] item: Leftovers
|upkeep
|turn|87
|inactive|Empo has 30 seconds left.
|
|t:|1717360936
|switch|p1a: Gliscor|Gliscor, M|70/100 tox
|move|p2a: Tornadus|U-turn|p1a: Gliscor
|-resisted|p1a: Gliscor
|-crit|p1a: Gliscor
|-damage|p1a: Gliscor|63/100 tox
|inactive|Empo has 30 seconds left.
|
|t:|1717360943
|switch|p2a: Landorus|Landorus-Therian, M|19/100 par|[from] U-turn
|-ability|p2a: Landorus|Intimidate|boost
|-unboost|p1a: Gliscor|atk|1
|
|-heal|p1a: Gliscor|76/100 tox|[from] ability: Poison Heal
|upkeep
|turn|88
|
|t:|1717360948
|move|p1a: Gliscor|Defog|p2a: Landorus
|-unboost|p2a: Landorus|evasion|1
|move|p2a: Landorus|U-turn|p1a: Gliscor
|-resisted|p1a: Gliscor
|-damage|p1a: Gliscor|69/100 tox
|
|t:|1717360954
|switch|p2a: Toxapex|Toxapex, M|100/100|[from] U-turn
|
|-heal|p1a: Gliscor|82/100 tox|[from] ability: Poison Heal
|upkeep
|turn|89
|inactive|Empo has 30 seconds left.
|
|t:|1717360980
|move|p1a: Gliscor|U-turn|p2a: Toxapex
|-resisted|p2a: Toxapex
|-damage|p2a: Toxapex|97/100
|
|t:|1717360982
|switch|p1a: Serperior|Serperior, M|62/100|[from] U-turn
|move|p2a: Toxapex|Scald|p1a: Serperior
|-resisted|p1a: Serperior
|-damage|p1a: Serperior|52/100
|-status|p1a: Serperior|brn
|
|-heal|p1a: Serperior|58/100 brn|[from] item: Leftovers
|-heal|p2a: Toxapex|100/100|[from] item: Black Sludge
|-damage|p1a: Serperior|52/100 brn|[from] brn
|upkeep
|turn|90
|
|t:|1717360992
|switch|p2a: Tornadus|Tornadus-Therian, M|100/100 par
|move|p1a: Serperior|Leech Seed|p2a: Tornadus
|-start|p2a: Tornadus|move: Leech Seed
|
|-heal|p1a: Serperior|58/100 brn|[from] item: Leftovers
|-damage|p2a: Tornadus|88/100 par|[from] Leech Seed|[of] p1a: Serperior
|-heal|p1a: Serperior|72/100 brn|[silent]
|-damage|p1a: Serperior|66/100 brn|[from] brn
|upkeep
|turn|91
|
|t:|1717361005
|switch|p1a: Gliscor|Gliscor, M|82/100 tox
|move|p2a: Tornadus|U-turn|p1a: Gliscor
|-resisted|p1a: Gliscor
|-damage|p1a: Gliscor|77/100 tox
|
|t:|1717361010
|switch|p2a: Landorus|Landorus-Therian, M|19/100 par|[from] U-turn
|-ability|p2a: Landorus|Intimidate|boost
|-unboost|p1a: Gliscor|atk|1
|
|-heal|p1a: Gliscor|90/100 tox|[from] ability: Poison Heal
|upkeep
|turn|92
|
|t:|1717361015
|move|p1a: Gliscor|Defog|p2a: Landorus
|-unboost|p2a: Landorus|evasion|1
|move|p2a: Landorus|U-turn|p1a: Gliscor
|-resisted|p1a: Gliscor
|-damage|p1a: Gliscor|83/100 tox
|
|t:|1717361019
|switch|p2a: Tornadus|Tornadus-Therian, M|100/100 par|[from] U-turn
|
|-heal|p1a: Gliscor|96/100 tox|[from] ability: Poison Heal
|upkeep
|turn|93
|
|t:|1717361024
|switch|p1a: Toxapex|Toxapex, M|100/100
|move|p2a: Tornadus|Hurricane|p1a: Toxapex
|-damage|p1a: Toxapex|71/100
|-start|p1a: Toxapex|confusion
|
|upkeep
|turn|94
|
|t:|1717361026
|switch|p1a: Gliscor|Gliscor, M|96/100 tox
|move|p2a: Tornadus|Hurricane|p1a: Gliscor
|-damage|p1a: Gliscor|37/100 tox
|
|-heal|p1a: Gliscor|50/100 tox|[from] ability: Poison Heal
|upkeep
|turn|95
|
|t:|1717361030
|move|p1a: Gliscor|Roost|p1a: Gliscor
|-heal|p1a: Gliscor|99/100 tox
|-singleturn|p1a: Gliscor|move: Roost
|cant|p2a: Tornadus|par
|
|-heal|p1a: Gliscor|100/100 tox|[from] ability: Poison Heal
|upkeep
|turn|96
|
|t:|1717361032
|switch|p1a: Toxapex|Toxapex, M|100/100
|cant|p2a: Tornadus|par
|
|upkeep
|turn|97
|
|t:|1717361033
|switch|p1a: Gliscor|Gliscor, M|100/100 tox
|cant|p2a: Tornadus|par
|
|upkeep
|turn|98
|
|t:|1717361035
|switch|p1a: Toxapex|Toxapex, M|100/100
|move|p2a: Tornadus|Hurricane|p1a: Toxapex
|-damage|p1a: Toxapex|71/100
|
|upkeep
|turn|99
|
|t:|1717361036
|switch|p1a: Gliscor|Gliscor, M|100/100 tox
|move|p2a: Tornadus|Hurricane|p1a: Gliscor
|-damage|p1a: Gliscor|47/100 tox
|
|-heal|p1a: Gliscor|59/100 tox|[from] ability: Poison Heal
|upkeep
|turn|100
|
|t:|1717361038
|move|p1a: Gliscor|Roost|p1a: Gliscor
|-heal|p1a: Gliscor|100/100 tox
|-singleturn|p1a: Gliscor|move: Roost
|move|p2a: Tornadus|Hurricane|p1a: Gliscor
|-damage|p1a: Gliscor|45/100 tox
|
|-heal|p1a: Gliscor|57/100 tox|[from] ability: Poison Heal
|upkeep
|turn|101
|
|t:|1717361041
|move|p1a: Gliscor|Roost|p1a: Gliscor
|-heal|p1a: Gliscor|100/100 tox
|-singleturn|p1a: Gliscor|move: Roost
|move|p2a: Tornadus|Hurricane|p1a: Gliscor|[miss]
|-miss|p2a: Tornadus|p1a: Gliscor
|
|upkeep
|turn|102
|
|t:|1717361045
|move|p1a: Gliscor|Defog|p2a: Tornadus
|-unboost|p2a: Tornadus|evasion|1
|move|p2a: Tornadus|U-turn|p1a: Gliscor
|-resisted|p1a: Gliscor
|-damage|p1a: Gliscor|96/100 tox
|inactive|Empo has 150 seconds left.
|
|t:|1717361065
|switch|p2a: Greninja|Greninja, M|25/100|[from] U-turn
|
|-heal|p1a: Gliscor|100/100 tox|[from] ability: Poison Heal
|upkeep
|turn|103
|
|t:|1717361068
|switch|p1a: Toxapex|Toxapex, M|100/100
|move|p2a: Greninja|Surf|p1a: Toxapex
|-resisted|p1a: Toxapex
|-damage|p1a: Toxapex|81/100
|
|upkeep
|turn|104
|inactive|Santu has 210 seconds left.
|
|t:|1717361076
|switch|p2a: Tornadus|Tornadus-Therian, M|100/100 par
|switch|p1a: Serperior|Serperior, M|66/100 brn
|
|-heal|p1a: Serperior|72/100 brn|[from] item: Leftovers
|-damage|p1a: Serperior|66/100 brn|[from] brn
|upkeep
|turn|105
|
|t:|1717361081
|switch|p1a: Gliscor|Gliscor, M|100/100 tox
|move|p2a: Tornadus|U-turn|p1a: Gliscor
|-resisted|p1a: Gliscor
|-damage|p1a: Gliscor|96/100 tox
|
|t:|1717361082
|switch|p2a: Greninja|Greninja, M|25/100|[from] U-turn
|
|-heal|p1a: Gliscor|100/100 tox|[from] ability: Poison Heal
|upkeep
|turn|106
|
|t:|1717361085
|switch|p1a: Toxapex|Toxapex, M|100/100
|move|p2a: Greninja|Surf|p1a: Toxapex
|-resisted|p1a: Toxapex
|-damage|p1a: Toxapex|81/100
|
|upkeep
|turn|107
|
|t:|1717361090
|switch|p2a: Tornadus|Tornadus-Therian, M|100/100 par
|switch|p1a: Serperior|Serperior, M|66/100 brn
|
|-heal|p1a: Serperior|72/100 brn|[from] item: Leftovers
|-damage|p1a: Serperior|66/100 brn|[from] brn
|upkeep
|turn|108
|
|t:|1717361093
|switch|p1a: Gliscor|Gliscor, M|100/100 tox
|move|p2a: Tornadus|U-turn|p1a: Gliscor
|-resisted|p1a: Gliscor
|-damage|p1a: Gliscor|96/100 tox
|
|t:|1717361094
|switch|p2a: Greninja|Greninja, M|25/100|[from] U-turn
|
|-heal|p1a: Gliscor|100/100 tox|[from] ability: Poison Heal
|upkeep
|turn|109
|
|t:|1717361097
|switch|p1a: Toxapex|Toxapex, M|100/100
|move|p2a: Greninja|Surf|p1a: Toxapex
|-resisted|p1a: Toxapex
|-damage|p1a: Toxapex|81/100
|
|upkeep
|turn|110
|inactive|Empo has 210 seconds left.
|
|t:|1717361125
|switch|p2a: Tornadus|Tornadus-Therian, M|100/100 par
|switch|p1a: Serperior|Serperior, M|66/100 brn
|
|-heal|p1a: Serperior|72/100 brn|[from] item: Leftovers
|-damage|p1a: Serperior|66/100 brn|[from] brn
|upkeep
|turn|111
|inactive|Santu has 270 seconds left.
|
|t:|1717361149
|switch|p1a: Gliscor|Gliscor, M|100/100 tox
|move|p2a: Tornadus|U-turn|p1a: Gliscor
|-resisted|p1a: Gliscor
|-damage|p1a: Gliscor|96/100 tox
|
|t:|1717361151
|switch|p2a: Greninja|Greninja, M|25/100|[from] U-turn
|
|-heal|p1a: Gliscor|100/100 tox|[from] ability: Poison Heal
|upkeep
|turn|112
|
|t:|1717361153
|switch|p1a: Toxapex|Toxapex, M|100/100
|move|p2a: Greninja|Surf|p1a: Toxapex
|-resisted|p1a: Toxapex
|-damage|p1a: Toxapex|81/100
|
|upkeep
|turn|113
|
|t:|1717361160
|switch|p2a: Tornadus|Tornadus-Therian, M|100/100 par
|switch|p1a: Serperior|Serperior, M|66/100 brn
|
|-heal|p1a: Serperior|72/100 brn|[from] item: Leftovers
|-damage|p1a: Serperior|66/100 brn|[from] brn
|upkeep
|turn|114
|
|t:|1717361164
|switch|p1a: Gliscor|Gliscor, M|100/100 tox
|move|p2a: Tornadus|U-turn|p1a: Gliscor
|-resisted|p1a: Gliscor
|-damage|p1a: Gliscor|96/100 tox
|
|t:|1717361165
|switch|p2a: Greninja|Greninja, M|25/100|[from] U-turn
|
|-heal|p1a: Gliscor|100/100 tox|[from] ability: Poison Heal
|upkeep
|turn|115
|
|t:|1717361168
|switch|p1a: Toxapex|Toxapex, M|100/100
|move|p2a: Greninja|Surf|p1a: Toxapex
|-resisted|p1a: Toxapex
|-damage|p1a: Toxapex|82/100
|
|upkeep
|turn|116
|
|t:|1717361170
|switch|p2a: Tornadus|Tornadus-Therian, M|100/100 par
|switch|p1a: Serperior|Serperior, M|66/100 brn
|
|-heal|p1a: Serperior|72/100 brn|[from] item: Leftovers
|-damage|p1a: Serperior|66/100 brn|[from] brn
|upkeep
|turn|117
|
|t:|1717361173
|switch|p1a: Gliscor|Gliscor, M|100/100 tox
|move|p2a: Tornadus|U-turn|p1a: Gliscor
|-resisted|p1a: Gliscor
|-damage|p1a: Gliscor|96/100 tox
|
|t:|1717361174
|switch|p2a: Greninja|Greninja, M|25/100|[from] U-turn
|
|-heal|p1a: Gliscor|100/100 tox|[from] ability: Poison Heal
|upkeep
|turn|118
|
|t:|1717361177
|switch|p2a: Scizor|Scizor-Mega, M|3/100
|switch|p1a: Toxapex|Toxapex, M|100/100
|
|upkeep
|turn|119
|
|t:|1717361181
|switch|p1a: Serperior|Serperior, M|66/100 brn
|move|p2a: Scizor|Roost|p2a: Scizor
|-heal|p2a: Scizor|53/100
|-singleturn|p2a: Scizor|move: Roost
|
|-heal|p1a: Serperior|72/100 brn|[from] item: Leftovers
|-damage|p1a: Serperior|66/100 brn|[from] brn
|upkeep
|turn|120
|inactive|Empo has 270 seconds left.
|
|t:|1717361224
|move|p1a: Serperior|Hidden Power|p2a: Scizor
|-supereffective|p2a: Scizor
|-damage|p2a: Scizor|9/100
|move|p2a: Scizor|U-turn|p1a: Serperior
|-supereffective|p1a: Serperior
|-damage|p1a: Serperior|0 fnt
|faint|p1a: Serperior
|
|t:|1717361228
|switch|p2a: Tornadus|Tornadus-Therian, M|100/100 par|[from] U-turn
|
|upkeep
|c|☆Santu|gg
|c|☆Empo|gg
|-message|Santu forfeited.
|
|win|Empo
|player|p2|
|player|p1|
