|inactive|Battle timer is ON: inactive players will automatically lose when time's up.
|t:|1654457984
|gametype|singles
|player|p1|starmaster|#ssdivserpents|
|player|p2|Empo|#empo|
|teamsize|p1|6
|teamsize|p2|6
|gen|8
|tier|[Gen 8] OU
|rule|Sleep Clause Mod: Limit one foe put to sleep
|rule|Species Clause: Limit one of each Pokémon
|rule|OHKO Clause: OHKO moves are banned
|rule|Evasion Moves Clause: Evasion moves are banned
|rule|Endless Battle Clause: Forcing endless battles is banned
|rule|HP Percentage Mod: HP is shown in percentages
|rule|Dynamax Clause: You cannot dynamax
|clearpoke
|poke|p1|Scizor, M|
|poke|p1|Skarmory, F|
|poke|p1|Clefable, M|
|poke|p1|Gastrodon-East, F|
|poke|p1|Dragonite, F|
|poke|p1|Tapu Koko|
|poke|p2|Tapu Lele|
|poke|p2|Heatran, F|
|poke|p2|Urshifu-*, F|
|poke|p2|Landorus-Therian, M|
|poke|p2|Kartana|
|poke|p2|Rotom-Wash|
|teampreview
|raw|<div class="broadcast-red"><strong>Moderated chat was set to ☆!</strong><br />Only users of rank ☆ and higher can talk.</div>
|c|☆starmaster|hf
|inactive|starmaster has 270 seconds left.
|inactive|Empo has 270 seconds left.
|c|☆Empo|hf
|inactive|starmaster has 240 seconds left.
|inactive|Empo has 240 seconds left.
|inactive|Empo has 210 seconds left.
|
|t:|1654458097
|start
|switch|p1a: Clefable|Clefable, M|394/394
|switch|p2a: Heatran|Heatran, F|323/323
|-item|p2a: Heatran|Air Balloon
|turn|1
|inactive|Empo has 240 seconds left.
|
|t:|1654458143
|switch|p1a: Dragonite|Dragonite, F|385/385
|move|p2a: Heatran|Stealth Rock|p1a: Dragonite
|-sidestart|p1: starmaster|move: Stealth Rock
|
|upkeep
|turn|2
|inactive|Empo has 210 seconds left.
|inactive|Empo has 180 seconds left.
|
|t:|1654458209
|switch|p2a: Tapu Lele|Tapu Lele|281/281
|-fieldstart|move: Psychic Terrain|[from] ability: Psychic Surge|[of] p2a: Tapu Lele
|move|p1a: Dragonite|Dragon Claw|p2a: Tapu Lele
|-immune|p2a: Tapu Lele
|
|upkeep
|turn|3
|inactive|Empo has 150 seconds left.
|
|t:|1654458231
|switch|p1a: Scizor|Scizor, M|343/343
|move|p2a: Tapu Lele|Future Sight|p1a: Scizor
|-start|p2a: Tapu Lele|move: Future Sight
|
|upkeep
|turn|4
|inactive|Empo has 150 seconds left.
|inactive|Empo has 120 seconds left.
|
|t:|1654458275
|switch|p2a: Landorus|Landorus-Therian, M|381/381
|-ability|p2a: Landorus|Intimidate|boost
|-unboost|p1a: Scizor|atk|1
|move|p1a: Scizor|Knock Off|p2a: Landorus
|-damage|p2a: Landorus|319/381
|-enditem|p2a: Landorus|Leftovers|[from] move: Knock Off|[of] p1a: Scizor
|
|upkeep
|turn|5
|
|t:|1654458296
|move|p2a: Landorus|Knock Off|p1a: Scizor
|-damage|p1a: Scizor|245/343
|-enditem|p1a: Scizor|Heavy-Duty Boots|[from] move: Knock Off|[of] p2a: Landorus
|move|p1a: Scizor|Roost|p1a: Scizor
|-heal|p1a: Scizor|343/343
|-singleturn|p1a: Scizor|move: Roost
|
|-end|p1a: Scizor|move: Future Sight
|-resisted|p1a: Scizor
|-damage|p1a: Scizor|225/343
|upkeep
|turn|6
|
|t:|1654458304
|move|p2a: Landorus|Earthquake|p1a: Scizor
|-damage|p1a: Scizor|66/343
|move|p1a: Scizor|Roost|p1a: Scizor
|-heal|p1a: Scizor|238/343
|-singleturn|p1a: Scizor|move: Roost
|
|-fieldend|move: Psychic Terrain
|upkeep
|turn|7
|
|t:|1654458322
|move|p2a: Landorus|Earthquake|p1a: Scizor
|-damage|p1a: Scizor|81/343
|move|p1a: Scizor|Roost|p1a: Scizor
|-heal|p1a: Scizor|253/343
|-singleturn|p1a: Scizor|move: Roost
|
|upkeep
|turn|8
|
|t:|1654458334
|move|p2a: Landorus|U-turn|p1a: Scizor
|-resisted|p1a: Scizor
|-damage|p1a: Scizor|214/343
|
|t:|1654458336
|switch|p2a: Heatran|Heatran, F|323/323
|-item|p2a: Heatran|Air Balloon
|move|p1a: Scizor|Roost|p1a: Scizor
|-heal|p1a: Scizor|343/343
|-singleturn|p1a: Scizor|move: Roost
|
|upkeep
|turn|9
|
|t:|1654458352
|switch|p2a: Kartana|Kartana|259/259
|switch|p1a: Dragonite|Dragonite, F|385/385
|
|upkeep
|turn|10
|
|t:|1654458360
|switch|p2a: Heatran|Heatran, F|323/323
|-item|p2a: Heatran|Air Balloon
|switch|p1a: Clefable|Clefable, M|394/394
|
|upkeep
|turn|11
|
|t:|1654458367
|switch|p1a: Dragonite|Dragonite, F|385/385
|move|p2a: Heatran|Magma Storm|p1a: Dragonite
|-resisted|p1a: Dragonite
|-damage|p1a: Dragonite|345/385
|-activate|p1a: Dragonite|move: Magma Storm|[of] p2a: Heatran
|
|-damage|p1a: Dragonite|297/385|[from] move: Magma Storm|[partiallytrapped]
|upkeep
|turn|12
|
|t:|1654458396
|switch|p2a: Tapu Lele|Tapu Lele|281/281
|-fieldstart|move: Psychic Terrain|[from] ability: Psychic Surge|[of] p2a: Tapu Lele
|move|p1a: Dragonite|Roost|p1a: Dragonite
|-heal|p1a: Dragonite|385/385
|-singleturn|p1a: Dragonite|move: Roost
|
|-end|p1a: Dragonite|Magma Storm|[partiallytrapped]|[silent]
|upkeep
|turn|13
|
|t:|1654458403
|move|p2a: Tapu Lele|Future Sight|p1a: Dragonite
|-start|p2a: Tapu Lele|move: Future Sight
|move|p1a: Dragonite|Earthquake|p2a: Tapu Lele
|-damage|p2a: Tapu Lele|156/281
|
|upkeep
|turn|14
|inactive|Empo has 120 seconds left.
|inactive|starmaster has 270 seconds left.
|inactive|Empo has 90 seconds left.
|inactive|starmaster has 240 seconds left.
|
|t:|1654458477
|switch|p2a: Urshifu|Urshifu-Rapid-Strike, F|341/341
|switch|p1a: Clefable|Clefable, M|394/394
|
|upkeep
|turn|15
|
|t:|1654458507
|move|p2a: Urshifu|Surging Strikes|p1a: Clefable
|-crit|p1a: Clefable
|-damage|p1a: Clefable|304/394
|-crit|p1a: Clefable
|-damage|p1a: Clefable|217/394
|-crit|p1a: Clefable
|-damage|p1a: Clefable|127/394
|-hitcount|p1a: Clefable|3
|move|p1a: Clefable|Stealth Rock|p2a: Urshifu
|-sidestart|p2: Empo|move: Stealth Rock
|
|-end|p1a: Clefable|move: Future Sight
|-damage|p1a: Clefable|0 fnt
|faint|p1a: Clefable
|upkeep
|inactive|starmaster has 210 seconds left.
|
|t:|1654458533
|switch|p1a: Tapu Koko|Tapu Koko|283/283
|-fieldstart|move: Electric Terrain|[from] ability: Electric Surge|[of] p1a: Tapu Koko
|turn|16
|
|t:|1654458537
|switch|p2a: Rotom|Rotom-Wash|304/304
|-damage|p2a: Rotom|266/304|[from] Stealth Rock
|move|p1a: Tapu Koko|Dazzling Gleam|p2a: Rotom
|-damage|p2a: Rotom|176/304
|
|-heal|p2a: Rotom|195/304|[from] item: Leftovers
|upkeep
|turn|17
|inactive|starmaster has 210 seconds left.
|
|t:|1654458544
|move|p1a: Tapu Koko|Volt Switch|p2a: Rotom
|-damage|p2a: Rotom|96/304
|
|t:|1654458547
|switch|p1a: Gastrodon|Gastrodon-East, F|425/425
|move|p2a: Rotom|Pain Split|p1a: Gastrodon
|-sethp|p1a: Gastrodon|260/425|[from] move: Pain Split|[silent]
|-sethp|p2a: Rotom|260/304|[from] move: Pain Split
|
|-heal|p2a: Rotom|279/304|[from] item: Leftovers
|upkeep
|turn|18
|inactive|Empo has 90 seconds left.
|inactive|Empo has 60 seconds left.
|
|t:|1654458627
|switch|p2a: Kartana|Kartana|259/259
|-damage|p2a: Kartana|243/259|[from] Stealth Rock
|move|p1a: Gastrodon|Recover|p1a: Gastrodon
|-heal|p1a: Gastrodon|425/425
|
|upkeep
|turn|19
|
|t:|1654458635
|switch|p1a: Skarmory|Skarmory, F|334/334
|-damage|p1a: Skarmory|293/334|[from] Stealth Rock
|move|p2a: Kartana|Swords Dance|p2a: Kartana
|-boost|p2a: Kartana|atk|2
|
|upkeep
|turn|20
|inactive|Empo has 30 seconds left.
|
|t:|1654458657
|move|p2a: Kartana|Swords Dance|p2a: Kartana
|-boost|p2a: Kartana|atk|2
|move|p1a: Skarmory|Body Press|p2a: Kartana
|-supereffective|p2a: Kartana
|-damage|p2a: Kartana|81/259
|
|-fieldend|move: Electric Terrain
|upkeep
|turn|21
|
|t:|1654458660
|move|p2a: Kartana|Knock Off|p1a: Skarmory
|-damage|p1a: Skarmory|11/334
|-damage|p2a: Kartana|38/259|[from] item: Rocky Helmet|[of] p1a: Skarmory
|-enditem|p1a: Skarmory|Rocky Helmet|[from] move: Knock Off|[of] p2a: Kartana
|move|p1a: Skarmory|Body Press|p2a: Kartana
|-supereffective|p2a: Kartana
|-damage|p2a: Kartana|0 fnt
|faint|p2a: Kartana
|
|upkeep
|inactive|Empo has 30 seconds left.
|
|t:|1654458683
|switch|p2a: Urshifu|Urshifu-Rapid-Strike, F|341/341
|-damage|p2a: Urshifu|320/341|[from] Stealth Rock
|turn|22
|inactive|Empo has 30 seconds left.
|
|t:|1654458709
|move|p2a: Urshifu|U-turn|p1a: Skarmory
|-resisted|p1a: Skarmory
|-damage|p1a: Skarmory|0 fnt
|faint|p1a: Skarmory
|inactive|Empo has 30 seconds left.
|
|t:|1654458718
|switch|p2a: Landorus|Landorus-Therian, M|319/381
|-damage|p2a: Landorus|272/381|[from] Stealth Rock
|
|upkeep
|inactive|starmaster has 210 seconds left.
|
|t:|1654458748
|switch|p1a: Gastrodon|Gastrodon-East, F|425/425
|turn|23
|inactive|Empo has 30 seconds left.
|inactive|Empo has 20 seconds left.
|inactive|Empo has 15 seconds left.
|
|t:|1654458782
|move|p2a: Landorus|U-turn|p1a: Gastrodon
|-damage|p1a: Gastrodon|338/425
|inactive|Empo has 20 seconds left this turn.
|
|t:|1654458784
|switch|p2a: Rotom|Rotom-Wash|279/304
|-damage|p2a: Rotom|241/304|[from] Stealth Rock
|move|p1a: Gastrodon|Scald|p2a: Rotom
|-resisted|p2a: Rotom
|-damage|p2a: Rotom|209/304
|
|-heal|p2a: Rotom|228/304|[from] item: Leftovers
|upkeep
|turn|24
|inactive|Empo has 30 seconds left this turn.
|
|t:|1654458791
|move|p2a: Rotom|Hydro Pump|p1a: Gastrodon
|-crit|p1a: Gastrodon
|-damage|p1a: Gastrodon|154/425
|move|p1a: Gastrodon|Recover|p1a: Gastrodon
|-heal|p1a: Gastrodon|367/425
|
|-heal|p2a: Rotom|247/304|[from] item: Leftovers
|upkeep
|turn|25
|
|t:|1654458799
|move|p2a: Rotom|Hydro Pump|p1a: Gastrodon
|-damage|p1a: Gastrodon|252/425
|move|p1a: Gastrodon|Toxic|p2a: Rotom
|-status|p2a: Rotom|tox
|
|-heal|p2a: Rotom|266/304 tox|[from] item: Leftovers
|-damage|p2a: Rotom|247/304 tox|[from] psn
|upkeep
|turn|26
|
|t:|1654458810
|switch|p2a: Urshifu|Urshifu-Rapid-Strike, F|320/341
|-damage|p2a: Urshifu|299/341|[from] Stealth Rock
|move|p1a: Gastrodon|Recover|p1a: Gastrodon
|-heal|p1a: Gastrodon|425/425
|
|upkeep
|turn|27
|
|t:|1654458814
|switch|p1a: Dragonite|Dragonite, F|385/385
|move|p2a: Urshifu|U-turn|p1a: Dragonite
|-resisted|p1a: Dragonite
|-damage|p1a: Dragonite|353/385
|
|t:|1654458816
|switch|p2a: Tapu Lele|Tapu Lele|156/281
|-damage|p2a: Tapu Lele|121/281|[from] Stealth Rock
|-fieldstart|move: Psychic Terrain|[from] ability: Psychic Surge|[of] p2a: Tapu Lele
|
|upkeep
|turn|28
|inactive|starmaster has 240 seconds left.
|
|t:|1654458844
|move|p2a: Tapu Lele|Moonblast|p1a: Dragonite
|-supereffective|p1a: Dragonite
|-crit|p1a: Dragonite
|-damage|p1a: Dragonite|0 fnt
|faint|p1a: Dragonite
|
|upkeep
|c|☆starmaster|man
|c|☆starmaster|that mattered as fuck too
|
|t:|1654458865
|switch|p1a: Tapu Koko|Tapu Koko|283/283
|-fieldstart|move: Electric Terrain|[from] ability: Electric Surge|[of] p1a: Tapu Koko
|turn|29
|inactive|Empo has 60 seconds left.
|
|t:|1654458877
|switch|p2a: Heatran|Heatran, F|323/323
|-damage|p2a: Heatran|283/323|[from] Stealth Rock
|-item|p2a: Heatran|Air Balloon
|move|p1a: Tapu Koko|Thunderbolt|p2a: Heatran
|-damage|p2a: Heatran|96/323
|-enditem|p2a: Heatran|Air Balloon
|
|upkeep
|turn|30
|
|t:|1654458892
|switch|p2a: Landorus|Landorus-Therian, M|272/381
|-damage|p2a: Landorus|225/381|[from] Stealth Rock
|-ability|p2a: Landorus|Intimidate|boost
|-unboost|p1a: Tapu Koko|atk|1
|move|p1a: Tapu Koko|Thunderbolt|p2a: Landorus
|-immune|p2a: Landorus
|
|upkeep
|turn|31
|
|t:|1654458895
|switch|p1a: Gastrodon|Gastrodon-East, F|425/425
|move|p2a: Landorus|Earthquake|p1a: Gastrodon
|-damage|p1a: Gastrodon|211/425
|
|upkeep
|turn|32
|
|t:|1654458898
|move|p2a: Landorus|Earthquake|p1a: Gastrodon
|-damage|p1a: Gastrodon|16/425
|move|p1a: Gastrodon|Recover|p1a: Gastrodon
|-heal|p1a: Gastrodon|229/425
|
|upkeep
|turn|33
|
|t:|1654458904
|move|p2a: Landorus|Earthquake|p1a: Gastrodon
|-damage|p1a: Gastrodon|27/425
|move|p1a: Gastrodon|Recover|p1a: Gastrodon
|-heal|p1a: Gastrodon|240/425
|
|-fieldend|move: Electric Terrain
|upkeep
|turn|34
|
|t:|1654458907
|move|p2a: Landorus|Earthquake|p1a: Gastrodon
|-damage|p1a: Gastrodon|35/425
|move|p1a: Gastrodon|Scald|p2a: Landorus
|-supereffective|p2a: Landorus
|-damage|p2a: Landorus|49/381
|
|upkeep
|turn|35
|inactive|starmaster has 270 seconds left.
|
|t:|1654458929
|move|p2a: Landorus|Earthquake|p1a: Gastrodon
|-damage|p1a: Gastrodon|0 fnt
|faint|p1a: Gastrodon
|
|upkeep
|
|t:|1654458931
|switch|p1a: Tapu Koko|Tapu Koko|283/283
|-fieldstart|move: Electric Terrain|[from] ability: Electric Surge|[of] p1a: Tapu Koko
|turn|36
|inactive|Empo has 90 seconds left.
|inactive|Empo has 60 seconds left.
|
|t:|1654458989
|move|p1a: Tapu Koko|Dazzling Gleam|p2a: Landorus
|-damage|p2a: Landorus|0 fnt
|faint|p2a: Landorus
|
|upkeep
|inactive|Empo has 60 seconds left.
|
|t:|1654458998
|switch|p2a: Rotom|Rotom-Wash|247/304 tox
|-damage|p2a: Rotom|209/304 tox|[from] Stealth Rock
|turn|37
|
|t:|1654459004
|move|p1a: Tapu Koko|Thunderbolt|p2a: Rotom
|-damage|p2a: Rotom|86/304 tox
|move|p2a: Rotom|Pain Split|p1a: Tapu Koko
|-sethp|p1a: Tapu Koko|184/283|[from] move: Pain Split|[silent]
|-sethp|p2a: Rotom|184/304 tox|[from] move: Pain Split
|
|-heal|p2a: Rotom|203/304 tox|[from] item: Leftovers
|-damage|p2a: Rotom|184/304 tox|[from] psn
|upkeep
|turn|38
|inactive|starmaster has 270 seconds left.
|inactive|Empo has 60 seconds left.
|inactive|starmaster has 240 seconds left.
|
|t:|1654459064
|move|p1a: Tapu Koko|Thunderbolt|p2a: Rotom
|-damage|p2a: Rotom|54/304 tox
|move|p2a: Rotom|Hydro Pump|p1a: Tapu Koko
|-damage|p1a: Tapu Koko|28/283
|
|-heal|p2a: Rotom|73/304 tox|[from] item: Leftovers
|-damage|p2a: Rotom|35/304 tox|[from] psn
|upkeep
|turn|39
|inactive|starmaster has 240 seconds left.
|inactive|starmaster has 210 seconds left.
|
|t:|1654459116
|move|p1a: Tapu Koko|Thunderbolt|p2a: Rotom
|-damage|p2a: Rotom|0 fnt
|faint|p2a: Rotom
|
|upkeep
|
|t:|1654459118
|switch|p2a: Tapu Lele|Tapu Lele|121/281
|-damage|p2a: Tapu Lele|86/281|[from] Stealth Rock
|-fieldstart|move: Psychic Terrain|[from] ability: Psychic Surge|[of] p2a: Tapu Lele
|turn|40
|
|t:|1654459123
|switch|p1a: Scizor|Scizor, M|343/343
|-damage|p1a: Scizor|301/343|[from] Stealth Rock
|move|p2a: Tapu Lele|Psyshock|p1a: Scizor
|-resisted|p1a: Scizor
|-damage|p1a: Scizor|201/343
|
|upkeep
|turn|41
|inactive|starmaster has 210 seconds left.
|inactive|starmaster has 180 seconds left.
|
|t:|1654459183
|switch|p2a: Urshifu|Urshifu-Rapid-Strike, F|299/341
|-damage|p2a: Urshifu|278/341|[from] Stealth Rock
|move|p1a: Scizor|Roost|p1a: Scizor
|-heal|p1a: Scizor|343/343
|-singleturn|p1a: Scizor|move: Roost
|
|upkeep
|turn|42
|
|t:|1654459195
|move|p2a: Urshifu|Close Combat|p1a: Scizor
|-crit|p1a: Scizor
|-damage|p1a: Scizor|0 fnt
|-unboost|p2a: Urshifu|def|1
|-unboost|p2a: Urshifu|spd|1
|faint|p1a: Scizor
|
|upkeep
|
|t:|1654459197
|switch|p1a: Tapu Koko|Tapu Koko|28/283
|-fieldstart|move: Electric Terrain|[from] ability: Electric Surge|[of] p1a: Tapu Koko
|turn|43
|
|t:|1654459201
|move|p1a: Tapu Koko|Roost|p1a: Tapu Koko
|-heal|p1a: Tapu Koko|170/283
|-singleturn|p1a: Tapu Koko|move: Roost
|move|p2a: Urshifu|Close Combat|p1a: Tapu Koko
|-resisted|p1a: Tapu Koko
|-damage|p1a: Tapu Koko|0 fnt
|-unboost|p2a: Urshifu|def|1
|-unboost|p2a: Urshifu|spd|1
|faint|p1a: Tapu Koko
|
|win|Empo

