|inactive|Battle timer is ON: inactive players will automatically lose when time's up.
|t:|1616913192
|player|p1|Empo|#empo|
|player|p2|Lord_Enz|lucas|
|teamsize|p1|6
|teamsize|p2|6
|gametype|singles
|gen|8
|tier|[Gen 8] OU
|clearpoke
|poke|p1|Tapu Koko|
|poke|p1|Hippowdon, F|
|poke|p1|Clefable, F|
|poke|p1|Skarmory, M|
|poke|p1|Reuniclus, F|
|poke|p1|Toxapex, F|
|poke|p2|Landorus-Therian, M|
|poke|p2|Corviknight, M|
|poke|p2|Clefable, M|
|poke|p2|Toxapex, M|
|poke|p2|Buzzwole|
|poke|p2|Hydreigon, M|
|rule|Sleep Clause Mod: Limit one foe put to sleep
|rule|Species Clause: Limit one of each Pokémon
|rule|OHKO Clause: OHKO moves are banned
|rule|Evasion Moves Clause: Evasion moves are banned
|rule|Endless Battle Clause: Forcing endless battles is banned
|rule|HP Percentage Mod: HP is shown in percentages
|rule|Dynamax Clause: You cannot dynamax
|teampreview
|c|+Analytic|empo
|raw|<div class="broadcast-red"><strong>Moderated chat was set to ☆!</strong><br />Only users of rank ☆ and higher can talk.</div>
|c|☆Lord_Enz|hf
|c|☆Empo|hf
|inactive|Empo has 270 seconds left.
|inactive|Empo has 240 seconds left.
|
|t:|1616913278
|start
|switch|p1a: Hippowdon|Hippowdon, F|419/419
|switch|p2a: Toxapex|Toxapex, M, shiny|303/303
|-weather|Sandstorm|[from] ability: Sand Stream|[of] p1a: Hippowdon
|turn|1
|inactive|Empo has 270 seconds left.
|
|t:|1616913319
|move|p1a: Hippowdon|Stealth Rock|p2a: Toxapex
|-sidestart|p2: Lord_Enz|move: Stealth Rock
|move|p2a: Toxapex|Toxic|p1a: Hippowdon
|-status|p1a: Hippowdon|tox
|
|-weather|Sandstorm|[upkeep]
|-damage|p2a: Toxapex|285/303|[from] Sandstorm
|-damage|p1a: Hippowdon|393/419 tox|[from] psn
|upkeep
|turn|2
|inactive|Empo has 240 seconds left.
|inactive|Empo has 210 seconds left.
|
|t:|1616913386
|switch|p1a: Reuniclus|Reuniclus, F|411/411
|move|p2a: Toxapex|Knock Off|p1a: Reuniclus
|-supereffective|p1a: Reuniclus
|-damage|p1a: Reuniclus|285/411
|-enditem|p1a: Reuniclus|Leftovers|[from] move: Knock Off|[of] p2a: Toxapex
|
|-weather|Sandstorm|[upkeep]
|-damage|p2a: Toxapex|267/303|[from] Sandstorm
|upkeep
|turn|3
|inactive|Empo has 180 seconds left.
|inactive|Lord_Enz has 270 seconds left.
|
|t:|1616913425
|move|p2a: Toxapex|Knock Off|p1a: Reuniclus
|-supereffective|p1a: Reuniclus
|-damage|p1a: Reuniclus|187/411
|move|p1a: Reuniclus|Calm Mind|p1a: Reuniclus
|-boost|p1a: Reuniclus|spa|1
|-boost|p1a: Reuniclus|spd|1
|
|-weather|Sandstorm|[upkeep]
|-damage|p2a: Toxapex|249/303|[from] Sandstorm
|upkeep
|turn|4
|
|t:|1616913434
|move|p2a: Toxapex|Haze|p2a: Toxapex
|-clearallboost
|move|p1a: Reuniclus|Recover|p1a: Reuniclus
|-heal|p1a: Reuniclus|393/411
|
|-weather|Sandstorm|[upkeep]
|-damage|p2a: Toxapex|231/303|[from] Sandstorm
|upkeep
|turn|5
|inactive|Lord_Enz has 270 seconds left.
|
|t:|1616913444
|move|p2a: Toxapex|Recover|p2a: Toxapex
|-heal|p2a: Toxapex|303/303
|move|p1a: Reuniclus|Calm Mind|p1a: Reuniclus
|-boost|p1a: Reuniclus|spa|1
|-boost|p1a: Reuniclus|spd|1
|
|-weather|none
|upkeep
|turn|6
|inactive|Lord_Enz has 270 seconds left.
|
|t:|1616913453
|move|p2a: Toxapex|Haze|p2a: Toxapex
|-clearallboost
|move|p1a: Reuniclus|Thunder|p2a: Toxapex
|-supereffective|p2a: Toxapex
|-damage|p2a: Toxapex|147/303
|-status|p2a: Toxapex|par
|
|upkeep
|turn|7
|inactive|Lord_Enz has 270 seconds left.
|
|t:|1616913466
|switch|p2a: Hydreigon|Hydreigon, M|351/351
|-damage|p2a: Hydreigon|308/351|[from] Stealth Rock
|move|p1a: Reuniclus|Calm Mind|p1a: Reuniclus
|-boost|p1a: Reuniclus|spa|1
|-boost|p1a: Reuniclus|spd|1
|
|-heal|p2a: Hydreigon|329/351|[from] item: Leftovers
|upkeep
|turn|8
|inactive|Empo has 210 seconds left.
|
|t:|1616913499
|switch|p1a: Tapu Koko|Tapu Koko|281/281
|-fieldstart|move: Electric Terrain|[from] ability: Electric Surge|[of] p1a: Tapu Koko
|move|p2a: Hydreigon|Nasty Plot|p2a: Hydreigon
|-boost|p2a: Hydreigon|spa|2
|
|-heal|p2a: Hydreigon|350/351|[from] item: Leftovers
|upkeep
|turn|9
|inactive|Lord_Enz has 270 seconds left.
|inactive|Empo has 180 seconds left.
|
|t:|1616913537
|switch|p2a: Toxapex|Toxapex, M, shiny|248/303 par
|-damage|p2a: Toxapex|211/303 par|[from] Stealth Rock
|move|p1a: Tapu Koko|Dazzling Gleam|p2a: Toxapex
|-resisted|p2a: Toxapex
|-damage|p2a: Toxapex|170/303 par
|
|upkeep
|turn|10
|inactive|Lord_Enz has 270 seconds left.
|
|t:|1616913546
|switch|p2a: Landorus|Landorus-Therian, M|373/373
|-damage|p2a: Landorus|327/373|[from] Stealth Rock
|-ability|p2a: Landorus|Intimidate|boost
|-unboost|p1a: Tapu Koko|atk|1
|move|p1a: Tapu Koko|Dazzling Gleam|p2a: Landorus
|-damage|p2a: Landorus|182/373
|
|-heal|p2a: Landorus|205/373|[from] item: Leftovers
|upkeep
|turn|11
|inactive|Lord_Enz has 270 seconds left.
|
|t:|1616913558
|move|p1a: Tapu Koko|U-turn|p2a: Landorus
|-resisted|p2a: Landorus
|-damage|p2a: Landorus|184/373
|
|t:|1616913561
|switch|p1a: Skarmory|Skarmory, M|333/333
|move|p2a: Landorus|Earthquake|p1a: Skarmory
|-immune|p1a: Skarmory
|
|-heal|p2a: Landorus|207/373|[from] item: Leftovers
|upkeep
|turn|12
|
|t:|1616913571
|move|p2a: Landorus|Earthquake|p1a: Skarmory
|-immune|p1a: Skarmory
|move|p1a: Skarmory|Spikes|p2a: Landorus
|-sidestart|p2: Lord_Enz|Spikes
|
|-heal|p2a: Landorus|230/373|[from] item: Leftovers
|-fieldend|move: Electric Terrain
|upkeep
|turn|13
|
|t:|1616913580
|switch|p2a: Corviknight|Corviknight, M, shiny|399/399
|-damage|p2a: Corviknight|350/399|[from] Stealth Rock
|-ability|p2a: Corviknight|Pressure
|move|p1a: Skarmory|Body Press|p2a: Corviknight
|-damage|p2a: Corviknight|238/399
|
|-heal|p2a: Corviknight|262/399|[from] item: Leftovers
|upkeep
|turn|14
|
|t:|1616913593
|switch|p1a: Tapu Koko|Tapu Koko|281/281
|-fieldstart|move: Electric Terrain|[from] ability: Electric Surge|[of] p1a: Tapu Koko
|move|p2a: Corviknight|Defog|p1a: Tapu Koko
|-unboost|p1a: Tapu Koko|evasion|1
|-sideend|p2: Lord_Enz|Spikes|[from] move: Defog|[of] p2a: Corviknight
|-sideend|p2: Lord_Enz|Stealth Rock|[from] move: Defog|[of] p2a: Corviknight
|-fieldend|move: Electric Terrain
|
|-heal|p2a: Corviknight|286/399|[from] item: Leftovers
|upkeep
|turn|15
|
|t:|1616913606
|switch|p2a: Clefable|Clefable, M|394/394
|move|p1a: Tapu Koko|Thunderbolt|p2a: Clefable
|-damage|p2a: Clefable|285/394
|-status|p2a: Clefable|par
|
|-heal|p2a: Clefable|309/394 par|[from] item: Leftovers
|upkeep
|turn|16
|
|t:|1616913615
|move|p1a: Tapu Koko|U-turn|p2a: Clefable
|-resisted|p2a: Clefable
|-crit|p2a: Clefable
|-damage|p2a: Clefable|265/394 par
|
|t:|1616913617
|switch|p1a: Hippowdon|Hippowdon, F|393/419 tox
|-weather|Sandstorm|[from] ability: Sand Stream|[of] p1a: Hippowdon
|move|p2a: Clefable|Heal Bell|p2a: Clefable
|-activate|p2a: Clefable|move: Heal Bell
|-curestatus|p2a: Clefable|par|[msg]
|-curestatus|p2: Toxapex|par|[msg]
|
|-weather|Sandstorm|[upkeep]
|-damage|p2a: Clefable|241/394|[from] Sandstorm
|-heal|p2a: Clefable|265/394|[from] item: Leftovers
|-heal|p1a: Hippowdon|419/419 tox|[from] item: Leftovers
|-damage|p1a: Hippowdon|393/419 tox|[from] psn
|upkeep
|turn|17
|
|t:|1616913627
|switch|p2a: Corviknight|Corviknight, M, shiny|286/399
|-ability|p2a: Corviknight|Pressure
|move|p1a: Hippowdon|Stealth Rock|p2a: Corviknight
|-sidestart|p2: Lord_Enz|move: Stealth Rock
|
|-weather|Sandstorm|[upkeep]
|-heal|p2a: Corviknight|310/399|[from] item: Leftovers
|-heal|p1a: Hippowdon|419/419 tox|[from] item: Leftovers
|-damage|p1a: Hippowdon|367/419 tox|[from] psn
|upkeep
|turn|18
|inactive|Empo has 240 seconds left.
|
|t:|1616913675
|switch|p1a: Skarmory|Skarmory, M|333/333
|move|p2a: Corviknight|Defog|p1a: Skarmory
|-unboost|p1a: Skarmory|evasion|1
|-sideend|p2: Lord_Enz|Stealth Rock|[from] move: Defog|[of] p2a: Corviknight
|
|-weather|Sandstorm|[upkeep]
|-heal|p2a: Corviknight|334/399|[from] item: Leftovers
|upkeep
|turn|19
|
|t:|1616913687
|switch|p2a: Clefable|Clefable, M|265/394
|move|p1a: Skarmory|Spikes|p2a: Clefable
|-sidestart|p2: Lord_Enz|Spikes
|
|-weather|Sandstorm|[upkeep]
|-damage|p2a: Clefable|241/394|[from] Sandstorm
|-heal|p2a: Clefable|265/394|[from] item: Leftovers
|upkeep
|turn|20
|inactive|Empo has 240 seconds left.
|inactive|Empo has 210 seconds left.
|
|t:|1616913725
|switch|p1a: Toxapex|Toxapex, F|304/304
|move|p2a: Clefable|Wish|p2a: Clefable
|
|-weather|none
|-heal|p2a: Clefable|289/394|[from] item: Leftovers
|upkeep
|turn|21
|
|t:|1616913738
|move|p2a: Clefable|Protect|p2a: Clefable
|-singleturn|p2a: Clefable|Protect
|move|p1a: Toxapex|Knock Off|p2a: Clefable
|-activate|p2a: Clefable|move: Protect
|
|-heal|p2a: Clefable|394/394|[from] move: Wish|[wisher] Clefable
|upkeep
|turn|22
|
|t:|1616913747
|switch|p2a: Corviknight|Corviknight, M, shiny|334/399
|-ability|p2a: Corviknight|Pressure
|switch|p1a: Tapu Koko|Tapu Koko|281/281
|-fieldstart|move: Electric Terrain|[from] ability: Electric Surge|[of] p1a: Tapu Koko
|
|-heal|p2a: Corviknight|358/399|[from] item: Leftovers
|upkeep
|turn|23
|
|t:|1616913763
|switch|p2a: Clefable|Clefable, M|394/394
|-damage|p2a: Clefable|345/394|[from] Spikes
|move|p1a: Tapu Koko|Thunderbolt|p2a: Clefable
|-damage|p2a: Clefable|182/394
|
|-heal|p2a: Clefable|206/394|[from] item: Leftovers
|upkeep
|turn|24
|
|t:|1616913774
|move|p1a: Tapu Koko|Thunderbolt|p2a: Clefable
|-damage|p2a: Clefable|58/394
|move|p2a: Clefable|Wish|p2a: Clefable
|
|-heal|p2a: Clefable|82/394|[from] item: Leftovers
|upkeep
|turn|25
|
|t:|1616913786
|switch|p1a: Toxapex|Toxapex, F|304/304
|move|p2a: Clefable|Protect||[still]
|-fail|p2a: Clefable
|
|-heal|p2a: Clefable|279/394|[from] move: Wish|[wisher] Clefable
|-heal|p2a: Clefable|303/394|[from] item: Leftovers
|upkeep
|turn|26
|
|t:|1616913797
|move|p2a: Clefable|Protect|p2a: Clefable
|-singleturn|p2a: Clefable|Protect
|move|p1a: Toxapex|Knock Off|p2a: Clefable
|-activate|p2a: Clefable|move: Protect
|
|-heal|p2a: Clefable|327/394|[from] item: Leftovers
|-fieldend|move: Electric Terrain
|upkeep
|turn|27
|
|t:|1616913808
|switch|p2a: Corviknight|Corviknight, M, shiny|358/399
|-ability|p2a: Corviknight|Pressure
|switch|p1a: Tapu Koko|Tapu Koko|281/281
|-fieldstart|move: Electric Terrain|[from] ability: Electric Surge|[of] p1a: Tapu Koko
|
|-heal|p2a: Corviknight|382/399|[from] item: Leftovers
|upkeep
|turn|28
|
|t:|1616913821
|switch|p2a: Landorus|Landorus-Therian, M|230/373
|-ability|p2a: Landorus|Intimidate|boost
|-unboost|p1a: Tapu Koko|atk|1
|move|p1a: Tapu Koko|Thunderbolt|p2a: Landorus
|-immune|p2a: Landorus
|
|-heal|p2a: Landorus|253/373|[from] item: Leftovers
|upkeep
|turn|29
|
|t:|1616913834
|move|p1a: Tapu Koko|U-turn|p2a: Landorus
|-resisted|p2a: Landorus
|-damage|p2a: Landorus|234/373
|
|t:|1616913837
|switch|p1a: Skarmory|Skarmory, M|333/333
|move|p2a: Landorus|Bulk Up|p2a: Landorus
|-boost|p2a: Landorus|atk|1
|-boost|p2a: Landorus|def|1
|
|-heal|p2a: Landorus|257/373|[from] item: Leftovers
|upkeep
|turn|30
|inactive|Empo has 270 seconds left.
|
|t:|1616913869
|switch|p2a: Corviknight|Corviknight, M, shiny|382/399
|-ability|p2a: Corviknight|Pressure
|move|p1a: Skarmory|Iron Defense|p1a: Skarmory
|-boost|p1a: Skarmory|def|2
|
|-heal|p2a: Corviknight|399/399|[from] item: Leftovers
|upkeep
|turn|31
|
|t:|1616913882
|switch|p2a: Toxapex|Toxapex, M, shiny|271/303
|-damage|p2a: Toxapex|234/303|[from] Spikes
|move|p1a: Skarmory|Body Press|p2a: Toxapex
|-resisted|p2a: Toxapex
|-damage|p2a: Toxapex|176/303
|
|-fieldend|move: Electric Terrain
|upkeep
|turn|32
|inactive|Empo has 270 seconds left.
|
|t:|1616913903
|switch|p1a: Tapu Koko|Tapu Koko|281/281
|-fieldstart|move: Electric Terrain|[from] ability: Electric Surge|[of] p1a: Tapu Koko
|switch|p2a: Corviknight|Corviknight, M, shiny|399/399
|-ability|p2a: Corviknight|Pressure
|
|upkeep
|turn|33
|inactive|Empo has 270 seconds left.
|inactive|Empo has 240 seconds left.
|
|t:|1616913948
|switch|p2a: Landorus|Landorus-Therian, M|257/373
|-ability|p2a: Landorus|Intimidate|boost
|-unboost|p1a: Tapu Koko|atk|1
|move|p1a: Tapu Koko|Dazzling Gleam|p2a: Landorus
|-damage|p2a: Landorus|130/373
|
|-heal|p2a: Landorus|153/373|[from] item: Leftovers
|upkeep
|turn|34
|inactive|Empo has 240 seconds left.
|inactive|Lord_Enz has 270 seconds left.
|
|t:|1616913987
|move|p1a: Tapu Koko|U-turn|p2a: Landorus
|-resisted|p2a: Landorus
|-damage|p2a: Landorus|131/373
|
|t:|1616913994
|switch|p1a: Clefable|Clefable, F|394/394
|move|p2a: Landorus|Earthquake|p1a: Clefable
|-damage|p1a: Clefable|211/394
|
|-heal|p2a: Landorus|154/373|[from] item: Leftovers
|-heal|p1a: Clefable|235/394|[from] item: Leftovers
|upkeep
|turn|35
|inactive|Lord_Enz has 270 seconds left.
|
|t:|1616914006
|switch|p2a: Clefable|Clefable, M|327/394
|-damage|p2a: Clefable|278/394|[from] Spikes
|move|p1a: Clefable|Moonblast|p2a: Clefable
|-damage|p2a: Clefable|176/394
|
|-heal|p1a: Clefable|259/394|[from] item: Leftovers
|-heal|p2a: Clefable|200/394|[from] item: Leftovers
|upkeep
|turn|36
|inactive|Lord_Enz has 270 seconds left.
|
|t:|1616914028
|move|p1a: Clefable|Moonblast|p2a: Clefable
|-damage|p2a: Clefable|95/394
|move|p2a: Clefable|Wish|p2a: Clefable
|
|-heal|p1a: Clefable|283/394|[from] item: Leftovers
|-heal|p2a: Clefable|119/394|[from] item: Leftovers
|-fieldend|move: Electric Terrain
|upkeep
|turn|37
|inactive|Lord_Enz has 270 seconds left.
|inactive|Empo has 210 seconds left.
|
|t:|1616914044
|switch|p1a: Toxapex|Toxapex, F|304/304
|move|p2a: Clefable|Protect||[still]
|-fail|p2a: Clefable
|
|-heal|p2a: Clefable|316/394|[from] move: Wish|[wisher] Clefable
|-heal|p2a: Clefable|340/394|[from] item: Leftovers
|upkeep
|turn|38
|inactive|Lord_Enz has 270 seconds left.
|
|t:|1616914055
|move|p2a: Clefable|Wish|p2a: Clefable
|move|p1a: Toxapex|Knock Off|p2a: Clefable
|-resisted|p2a: Clefable
|-damage|p2a: Clefable|313/394
|-enditem|p2a: Clefable|Leftovers|[from] move: Knock Off|[of] p1a: Toxapex
|
|upkeep
|turn|39
|
|t:|1616914064
|move|p2a: Clefable|Moonblast|p1a: Toxapex
|-resisted|p1a: Toxapex
|-crit|p1a: Toxapex
|-damage|p1a: Toxapex|256/304
|move|p1a: Toxapex|Knock Off|p2a: Clefable
|-resisted|p2a: Clefable
|-damage|p2a: Clefable|296/394
|
|-heal|p2a: Clefable|394/394|[from] move: Wish|[wisher] Clefable
|-heal|p1a: Toxapex|275/304|[from] item: Black Sludge
|upkeep
|turn|40
|inactive|Lord_Enz has 270 seconds left.
|inactive|Empo has 210 seconds left.
|
|t:|1616914105
|move|p2a: Clefable|Wish|p2a: Clefable
|move|p1a: Toxapex|Knock Off|p2a: Clefable
|-resisted|p2a: Clefable
|-damage|p2a: Clefable|376/394
|
|-heal|p1a: Toxapex|294/304|[from] item: Black Sludge
|upkeep
|turn|41
|inactive|Lord_Enz has 270 seconds left.
|
|t:|1616914119
|move|p2a: Clefable|Moonblast|p1a: Toxapex
|-resisted|p1a: Toxapex
|-damage|p1a: Toxapex|266/304
|move|p1a: Toxapex|Knock Off|p2a: Clefable
|-resisted|p2a: Clefable
|-damage|p2a: Clefable|359/394
|
|-heal|p2a: Clefable|394/394|[from] move: Wish|[wisher] Clefable
|-heal|p1a: Toxapex|285/304|[from] item: Black Sludge
|upkeep
|turn|42
|inactive|Lord_Enz has 270 seconds left.
|
|t:|1616914132
|move|p2a: Clefable|Wish|p2a: Clefable
|move|p1a: Toxapex|Poison Jab|p2a: Clefable
|-supereffective|p2a: Clefable
|-damage|p2a: Clefable|262/394
|
|-heal|p1a: Toxapex|304/304|[from] item: Black Sludge
|upkeep
|turn|43
|
|t:|1616914140
|switch|p2a: Landorus|Landorus-Therian, M|154/373
|-ability|p2a: Landorus|Intimidate|boost
|-unboost|p1a: Toxapex|atk|1
|move|p1a: Toxapex|Knock Off|p2a: Landorus
|-damage|p2a: Landorus|114/373
|-enditem|p2a: Landorus|Leftovers|[from] move: Knock Off|[of] p1a: Toxapex
|
|-heal|p2a: Landorus|311/373|[from] move: Wish|[wisher] Clefable
|upkeep
|turn|44
|inactive|Empo has 240 seconds left.
|
|t:|1616914159
|switch|p1a: Skarmory|Skarmory, M|333/333
|move|p2a: Landorus|Bulk Up|p2a: Landorus
|-boost|p2a: Landorus|atk|1
|-boost|p2a: Landorus|def|1
|
|upkeep
|turn|45
|inactive|Empo has 240 seconds left.
|
|t:|1616914167
|move|p2a: Landorus|Bulk Up|p2a: Landorus
|-boost|p2a: Landorus|atk|1
|-boost|p2a: Landorus|def|1
|move|p1a: Skarmory|Iron Defense|p1a: Skarmory
|-boost|p1a: Skarmory|def|2
|
|upkeep
|turn|46
|
|t:|1616914175
|move|p2a: Landorus|Bulk Up|p2a: Landorus
|-boost|p2a: Landorus|atk|1
|-boost|p2a: Landorus|def|1
|move|p1a: Skarmory|Body Press|p2a: Landorus
|-resisted|p2a: Landorus
|-damage|p2a: Landorus|261/373
|
|upkeep
|turn|47
|inactive|Empo has 240 seconds left.
|inactive|Empo has 210 seconds left.
|
|t:|1616914231
|move|p2a: Landorus|Bulk Up|p2a: Landorus
|-boost|p2a: Landorus|atk|1
|-boost|p2a: Landorus|def|1
|move|p1a: Skarmory|Iron Defense|p1a: Skarmory
|-boost|p1a: Skarmory|def|2
|
|upkeep
|turn|48
|inactive|Lord_Enz has 270 seconds left.
|inactive|Lord_Enz has 240 seconds left.
|
|t:|1616914304
|move|p2a: Landorus|Bulk Up|p2a: Landorus
|-boost|p2a: Landorus|atk|1
|-boost|p2a: Landorus|def|1
|move|p1a: Skarmory|Iron Defense|p1a: Skarmory
|-boost|p1a: Skarmory|def|2
|
|upkeep
|turn|49
|
|t:|1616914315
|move|p2a: Landorus|Gravity|p2a: Landorus
|-fieldstart|move: Gravity
|move|p1a: Skarmory|Body Press|p2a: Landorus
|-resisted|p2a: Landorus
|-damage|p2a: Landorus|194/373
|
|upkeep
|turn|50
|
|t:|1616914329
|move|p2a: Landorus|Earthquake|p1a: Skarmory
|-supereffective|p1a: Skarmory
|-crit|p1a: Skarmory
|-ability|p1a: Skarmory|Sturdy
|-damage|p1a: Skarmory|1/333
|move|p1a: Skarmory|Body Press|p2a: Landorus
|-resisted|p2a: Landorus
|-damage|p2a: Landorus|131/373
|
|upkeep
|turn|51
|inactive|Empo has 210 seconds left.
|inactive|Empo has 180 seconds left.
|inactive|Empo has 150 seconds left.
|
|t:|1616914430
|move|p2a: Landorus|Substitute|p2a: Landorus
|-start|p2a: Landorus|Substitute
|-damage|p2a: Landorus|38/373
|move|p1a: Skarmory|Body Press|p2a: Landorus
|-resisted|p2a: Landorus
|-activate|p2a: Landorus|move: Substitute|[damage]
|
|upkeep
|turn|52
|inactive|Empo has 120 seconds left.
|inactive|Empo has 90 seconds left.
|
|t:|1616914505
|move|p2a: Landorus|Earthquake|p1a: Skarmory
|-supereffective|p1a: Skarmory
|-damage|p1a: Skarmory|0 fnt
|faint|p1a: Skarmory
|
|upkeep
|
|t:|1616914513
|switch|p1a: Clefable|Clefable, F|283/394
|turn|53
|
|t:|1616914519
|move|p2a: Landorus|Earthquake|p1a: Clefable
|-damage|p1a: Clefable|0 fnt
|faint|p1a: Clefable
|
|-fieldend|move: Gravity
|upkeep
|c|☆Empo|gg
|-message|Empo forfeited.
|
|win|Lord_Enz

