|inactive|Battle timer is ON: inactive players will automatically lose when time's up.
|player|p1|KobeBeanBasedlord|78|
|player|p2|Empo|lucas|
|teamsize|p1|6
|teamsize|p2|6
|gametype|singles
|gen|8
|tier|[Gen 8] OU
|clearpoke
|poke|p1|Gengar, F|
|poke|p1|Corviknight, F|
|poke|p1|Kommo-o, F|
|poke|p1|Clefable, F|
|poke|p1|Ditto|
|poke|p1|Seismitoad, M|
|poke|p2|Obstagoon, F|
|poke|p2|Shuckle, F|
|poke|p2|Cloyster, M|
|poke|p2|Dragapult, M|
|poke|p2|Mimikyu, M|
|poke|p2|Kommo-o, M|
|rule|Sleep Clause Mod: Limit one foe put to sleep
|rule|Species Clause: Limit one of each Pokémon
|rule|OHKO Clause: OHKO moves are banned
|rule|Evasion Moves Clause: Evasion moves are banned
|rule|Endless Battle Clause: Forcing endless battles is banned
|rule|HP Percentage Mod: HP is shown in percentages
|rule|Dynamax Clause: You cannot dynamax
|teampreview
|raw|<div class="broadcast-red"><strong>Moderated chat was set to ☆!</strong><br />Only users of rank ☆ and higher can talk.</div>
|inactive|KobeBeanBasedlord has 270 seconds left.
|inactive|Empo has 270 seconds left.
|inactive|KobeBeanBasedlord has 240 seconds left.
|inactive|Empo has 240 seconds left.
|inactive|KobeBeanBasedlord has 210 seconds left.
|inactive|Empo has 210 seconds left.
|inactive|KobeBeanBasedlord has 180 seconds left.
|
|start
|switch|p1a: Ball Is Life|Gengar, F|100/100
|switch|p2a: MT. HORN|Shuckle, F|100/100
|turn|1
|
|move|p1a: Ball Is Life|Shadow Ball|p2a: MT. HORN
|-damage|p2a: MT. HORN|70/100
|-unboost|p2a: MT. HORN|spd|1
|-enditem|p2a: MT. HORN|Red Card|[of] p1a: Ball Is Life
|drag|p1a: Dark Knight|Corviknight, F|100/100
|-ability|p1a: Dark Knight|Pressure
|move|p2a: MT. HORN|Sticky Web|p1a: Dark Knight
|-sidestart|p1: KobeBeanBasedlord|move: Sticky Web
|
|upkeep
|turn|2
|inactive|Empo has 270 seconds left.
|
|move|p1a: Dark Knight|Defog|p2a: MT. HORN
|-unboost|p2a: MT. HORN|evasion|1
|-sideend|p1: KobeBeanBasedlord|Sticky Web|[from] move: Defog|[of] p1a: Dark Knight
|move|p2a: MT. HORN|Stealth Rock|p1a: Dark Knight
|-sidestart|p1: KobeBeanBasedlord|move: Stealth Rock
|
|upkeep
|turn|3
|
|move|p1a: Dark Knight|U-turn|p2a: MT. HORN
|-damage|p2a: MT. HORN|61/100
|
|switch|p1a: Ball Is Life|Gengar, F|100/100|[from]move: U-turn
|-damage|p1a: Ball Is Life|88/100|[from] Stealth Rock
|move|p2a: MT. HORN|Encore||[still]
|-fail|p2a: MT. HORN
|
|-heal|p1a: Ball Is Life|94/100|[from] item: Black Sludge
|upkeep
|turn|4
|
|move|p1a: Ball Is Life|Shadow Ball|p2a: MT. HORN
|-damage|p2a: MT. HORN|18/100
|move|p2a: MT. HORN|Sticky Web|p1a: Ball Is Life
|-sidestart|p1: KobeBeanBasedlord|move: Sticky Web
|
|-heal|p1a: Ball Is Life|100/100|[from] item: Black Sludge
|upkeep
|turn|5
|inactive|KobeBeanBasedlord has 210 seconds left.
|inactive|Empo has 270 seconds left.
|
|switch|p2a: DARK HILL|Obstagoon, F|100/100
|move|p1a: Ball Is Life|Substitute|p1a: Ball Is Life
|-start|p1a: Ball Is Life|Substitute
|-damage|p1a: Ball Is Life|76/100
|
|-heal|p1a: Ball Is Life|82/100|[from] item: Black Sludge
|-status|p2a: DARK HILL|brn|[from] item: Flame Orb
|upkeep
|turn|6
|inactive|KobeBeanBasedlord has 180 seconds left.
|
|switch|p2a: MT. HORN|Shuckle, F|18/100
|move|p1a: Ball Is Life|Sludge Wave|p2a: MT. HORN
|-resisted|p2a: MT. HORN
|-damage|p2a: MT. HORN|2/100
|
|-heal|p1a: Ball Is Life|88/100|[from] item: Black Sludge
|upkeep
|turn|7
|inactive|KobeBeanBasedlord has 180 seconds left.
|
|move|p1a: Ball Is Life|Sludge Wave|p2a: MT. HORN
|-resisted|p2a: MT. HORN
|-damage|p2a: MT. HORN|0 fnt
|faint|p2a: MT. HORN
|
|-heal|p1a: Ball Is Life|94/100|[from] item: Black Sludge
|upkeep
|
|switch|p2a: SPACIAL RIFT|Dragapult, M|100/100
|turn|8
|inactive|KobeBeanBasedlord has 180 seconds left.
|inactive|KobeBeanBasedlord has 150 seconds left.
|
|switch|p2a: DARK HILL|Obstagoon, F|100/100 brn
|switch|p1a: Gigi4Ever|Clefable, F|100/100
|-activate|p1a: Gigi4Ever|move: Sticky Web
|-unboost|p1a: Gigi4Ever|spe|1
|
|-damage|p2a: DARK HILL|94/100 brn|[from] brn
|upkeep
|turn|9
|
|move|p2a: DARK HILL|Facade|p1a: Gigi4Ever
|-damage|p1a: Gigi4Ever|0 fnt
|faint|p1a: Gigi4Ever
|
|-damage|p2a: DARK HILL|88/100 brn|[from] brn
|upkeep
|inactive|KobeBeanBasedlord has 150 seconds left.
|inactive|KobeBeanBasedlord has 120 seconds left.
|inactive|KobeBeanBasedlord has 90 seconds left.
|
|switch|p1a: Kobe Insurance|Kommo-o, F|100/100
|-damage|p1a: Kobe Insurance|94/100|[from] Stealth Rock
|-activate|p1a: Kobe Insurance|move: Sticky Web
|-unboost|p1a: Kobe Insurance|spe|1
|turn|10
|inactive|KobeBeanBasedlord has 60 seconds left.
|inactive|Empo has 240 seconds left.
|inactive|KobeBeanBasedlord has 30 seconds left.
|inactive|KobeBeanBasedlord has 20 seconds left.
|
|move|p2a: DARK HILL|Facade|p1a: Kobe Insurance
|-damage|p1a: Kobe Insurance|7/100
|move|p1a: Kobe Insurance|Earthquake|p2a: DARK HILL
|-damage|p2a: DARK HILL|53/100 brn
|
|-heal|p1a: Kobe Insurance|14/100|[from] item: Leftovers
|-damage|p2a: DARK HILL|47/100 brn|[from] brn
|upkeep
|turn|11
|inactive|KobeBeanBasedlord has 30 seconds left this turn.
|
|move|p2a: DARK HILL|Knock Off|p1a: Kobe Insurance
|-resisted|p1a: Kobe Insurance
|-damage|p1a: Kobe Insurance|0 fnt
|-enditem|p1a: Kobe Insurance|Leftovers|[from] move: Knock Off|[of] p2a: DARK HILL
|faint|p1a: Kobe Insurance
|
|-damage|p2a: DARK HILL|41/100 brn|[from] brn
|upkeep
|inactive|KobeBeanBasedlord has 30 seconds left this turn.
|inactive|KobeBeanBasedlord has 20 seconds left.
|
|switch|p1a: Dark Knight|Corviknight, F|100/100
|-damage|p1a: Dark Knight|88/100|[from] Stealth Rock
|-ability|p1a: Dark Knight|Pressure
|turn|12
|inactive|KobeBeanBasedlord has 30 seconds left this turn.
|
|move|p2a: DARK HILL|Taunt|p1a: Dark Knight
|-start|p1a: Dark Knight|move: Taunt
|cant|p1a: Dark Knight|move: Taunt|Roost
|
|-heal|p1a: Dark Knight|94/100|[from] item: Leftovers
|-damage|p2a: DARK HILL|35/100 brn|[from] brn
|upkeep
|turn|13
|
|move|p2a: DARK HILL|Knock Off|p1a: Dark Knight
|-damage|p1a: Dark Knight|43/100
|-enditem|p1a: Dark Knight|Leftovers|[from] move: Knock Off|[of] p2a: DARK HILL
|move|p1a: Dark Knight|U-turn|p2a: DARK HILL
|-supereffective|p2a: DARK HILL
|-damage|p2a: DARK HILL|7/100 brn
|
|switch|p1a: Turnaround Fadeawa|Ditto|100/100|[from]move: U-turn
|-damage|p1a: Turnaround Fadeawa|88/100|[from] Stealth Rock
|-activate|p1a: Turnaround Fadeawa|move: Sticky Web
|-unboost|p1a: Turnaround Fadeawa|spe|1
|-transform|p1a: Turnaround Fadeawa|p2a: DARK HILL|[from] ability: Imposter
|
|-damage|p2a: DARK HILL|1/100 brn|[from] brn
|upkeep
|turn|14
|
|move|p1a: Turnaround Fadeawa|Knock Off|p2a: DARK HILL
|-resisted|p2a: DARK HILL
|-damage|p2a: DARK HILL|0 fnt
|-enditem|p2a: DARK HILL|Flame Orb|[from] move: Knock Off|[of] p1a: Turnaround Fadeawa
|faint|p2a: DARK HILL
|
|upkeep
|
|switch|p2a: CRYSTAL CROSSING|Kommo-o, M|100/100
|turn|15
|inactive|KobeBeanBasedlord has 60 seconds left.
|inactive|Empo has 270 seconds left.
|
|switch|p1a: Dark Knight|Corviknight, F|43/100
|-damage|p1a: Dark Knight|31/100|[from] Stealth Rock
|-ability|p1a: Dark Knight|Pressure
|move|p2a: CRYSTAL CROSSING|Close Combat|p1a: Dark Knight
|-damage|p1a: Dark Knight|0 fnt
|-unboost|p2a: CRYSTAL CROSSING|def|1
|-unboost|p2a: CRYSTAL CROSSING|spd|1
|-damage|p2a: CRYSTAL CROSSING|91/100|[from] item: Life Orb
|faint|p1a: Dark Knight
|
|upkeep
|
|switch|p1a: 81|Seismitoad, M|100/100
|-damage|p1a: 81|94/100|[from] Stealth Rock
|-activate|p1a: 81|move: Sticky Web
|-unboost|p1a: 81|spe|1
|turn|16
|inactive|KobeBeanBasedlord has 60 seconds left.
|
|move|p2a: CRYSTAL CROSSING|Close Combat|p1a: 81
|-damage|p1a: 81|39/100
|-unboost|p2a: CRYSTAL CROSSING|def|1
|-unboost|p2a: CRYSTAL CROSSING|spd|1
|-damage|p2a: CRYSTAL CROSSING|81/100|[from] item: Life Orb
|move|p1a: 81|Scald|p2a: CRYSTAL CROSSING
|-resisted|p2a: CRYSTAL CROSSING
|-damage|p2a: CRYSTAL CROSSING|56/100
|
|-heal|p1a: 81|45/100|[from] item: Leftovers
|upkeep
|turn|17
|
|switch|p1a: Ball Is Life|Gengar, F|94/100
|-activate|p1a: Ball Is Life|move: Sticky Web
|-unboost|p1a: Ball Is Life|spe|1
|-damage|p1a: Ball Is Life|82/100|[from] Stealth Rock
|move|p2a: CRYSTAL CROSSING|Close Combat|p1a: Ball Is Life
|-immune|p1a: Ball Is Life
|
|-heal|p1a: Ball Is Life|88/100|[from] item: Black Sludge
|upkeep
|turn|18
|
|switch|p1a: 81|Seismitoad, M|45/100
|-activate|p1a: 81|move: Sticky Web
|-unboost|p1a: 81|spe|1
|-damage|p1a: 81|39/100|[from] Stealth Rock
|move|p2a: CRYSTAL CROSSING|Earthquake|p1a: 81
|-damage|p1a: 81|8/100
|-damage|p2a: CRYSTAL CROSSING|46/100|[from] item: Life Orb
|
|-heal|p1a: 81|15/100|[from] item: Leftovers
|upkeep
|turn|19
|
|move|p2a: CRYSTAL CROSSING|Close Combat|p1a: 81
|-damage|p1a: 81|0 fnt
|-unboost|p2a: CRYSTAL CROSSING|def|1
|-unboost|p2a: CRYSTAL CROSSING|spd|1
|-damage|p2a: CRYSTAL CROSSING|36/100|[from] item: Life Orb
|faint|p1a: 81
|
|upkeep
|
|switch|p1a: Turnaround Fadeawa|Ditto|88/100
|-activate|p1a: Turnaround Fadeawa|move: Sticky Web
|-unboost|p1a: Turnaround Fadeawa|spe|1
|-damage|p1a: Turnaround Fadeawa|76/100|[from] Stealth Rock
|-transform|p1a: Turnaround Fadeawa|p2a: CRYSTAL CROSSING|[from] ability: Imposter
|turn|20
|
|switch|p2a: MIRACLE SEA|Cloyster, M|100/100
|move|p1a: Turnaround Fadeawa|Iron Head|p2a: MIRACLE SEA
|-damage|p2a: MIRACLE SEA|78/100
|
|upkeep
|turn|21
|
|switch|p1a: Ball Is Life|Gengar, F|88/100
|-damage|p1a: Ball Is Life|76/100|[from] Stealth Rock
|-activate|p1a: Ball Is Life|move: Sticky Web
|-unboost|p1a: Ball Is Life|spe|1
|switch|p2a: CRYSTAL CROSSING|Kommo-o, M|36/100
|
|-heal|p1a: Ball Is Life|82/100|[from] item: Black Sludge
|upkeep
|turn|22
|
|move|p2a: CRYSTAL CROSSING|Earthquake|p1a: Ball Is Life
|-supereffective|p1a: Ball Is Life
|-damage|p1a: Ball Is Life|0 fnt
|-damage|p2a: CRYSTAL CROSSING|26/100|[from] item: Life Orb
|faint|p1a: Ball Is Life
|
|upkeep
|
|switch|p1a: Turnaround Fadeawa|Ditto|76/100
|-activate|p1a: Turnaround Fadeawa|move: Sticky Web
|-unboost|p1a: Turnaround Fadeawa|spe|1
|-damage|p1a: Turnaround Fadeawa|63/100|[from] Stealth Rock
|-transform|p1a: Turnaround Fadeawa|p2a: CRYSTAL CROSSING|[from] ability: Imposter
|turn|23
|
|move|p1a: Turnaround Fadeawa|Iron Head|p2a: CRYSTAL CROSSING
|-damage|p2a: CRYSTAL CROSSING|0 fnt
|faint|p2a: CRYSTAL CROSSING
|
|upkeep
|
|switch|p2a: MIRACLE SEA|Cloyster, M|78/100
|turn|24
|
|move|p2a: MIRACLE SEA|Ice Shard|p1a: Turnaround Fadeawa
|-supereffective|p1a: Turnaround Fadeawa
|-damage|p1a: Turnaround Fadeawa|31/100
|move|p1a: Turnaround Fadeawa|Iron Head|p2a: MIRACLE SEA
|-damage|p2a: MIRACLE SEA|57/100
|
|upkeep
|turn|25
|c|☆Empo|gg
|-message|KobeBeanBasedlord forfeited.
|
|win|Empo
